%YAML 1.1
%TAG !u! tag:unity3d.com,2011:
--- !u!1 &2669411893572423431
GameObject:
  m_ObjectHideFlags: 0
  m_CorrespondingSourceObject: {fileID: 0}
  m_PrefabInstance: {fileID: 0}
  m_PrefabAsset: {fileID: 0}
  serializedVersion: 6
  m_Component:
  - component: {fileID: 3368751028845535292}
  - component: {fileID: 2548387340596424147}
  m_Layer: 0
  m_Name: Point Light (1)
  m_TagString: Untagged
  m_Icon: {fileID: 0}
  m_NavMeshLayer: 0
  m_StaticEditorFlags: 0
  m_IsActive: 1
--- !u!4 &3368751028845535292
Transform:
  m_ObjectHideFlags: 0
  m_CorrespondingSourceObject: {fileID: 0}
  m_PrefabInstance: {fileID: 0}
  m_PrefabAsset: {fileID: 0}
  m_GameObject: {fileID: 2669411893572423431}
  m_LocalRotation: {x: -0, y: -0, z: -0, w: 1}
  m_LocalPosition: {x: -0.451, y: 0.341, z: 0.406}
  m_LocalScale: {x: 1, y: 1, z: 1}
  m_Children: []
  m_Father: {fileID: 3202692580830345447}
  m_RootOrder: 4
  m_LocalEulerAnglesHint: {x: 0, y: 0, z: 0}
--- !u!108 &2548387340596424147
Light:
  m_ObjectHideFlags: 0
  m_CorrespondingSourceObject: {fileID: 0}
  m_PrefabInstance: {fileID: 0}
  m_PrefabAsset: {fileID: 0}
  m_GameObject: {fileID: 2669411893572423431}
  m_Enabled: 1
  serializedVersion: 9
  m_Type: 2
  m_Color: {r: 0.9811321, g: 0.65412176, b: 0, a: 1}
  m_Intensity: 2
  m_Range: 3.5
  m_SpotAngle: 30
  m_InnerSpotAngle: 21.80208
  m_CookieSize: 10
  m_Shadows:
    m_Type: 0
    m_Resolution: -1
    m_CustomResolution: -1
    m_Strength: 1
    m_Bias: 0.05
    m_NormalBias: 0.4
    m_NearPlane: 0.2
    m_CullingMatrixOverride:
      e00: 1
      e01: 0
      e02: 0
      e03: 0
      e10: 0
      e11: 1
      e12: 0
      e13: 0
      e20: 0
      e21: 0
      e22: 1
      e23: 0
      e30: 0
      e31: 0
      e32: 0
      e33: 1
    m_UseCullingMatrixOverride: 0
  m_Cookie: {fileID: 0}
  m_DrawHalo: 0
  m_Flare: {fileID: 0}
  m_RenderMode: 0
  m_CullingMask:
    serializedVersion: 2
    m_Bits: 4294967295
  m_RenderingLayerMask: 1
  m_Lightmapping: 4
  m_LightShadowCasterMode: 0
  m_AreaSize: {x: 1, y: 1}
  m_BounceIntensity: 1
  m_ColorTemperature: 6570
  m_UseColorTemperature: 0
  m_BoundingSphereOverride: {x: 0, y: 0, z: 0, w: 0}
  m_UseBoundingSphereOverride: 0
  m_ShadowRadius: 0
  m_ShadowAngle: 0
--- !u!1 &3202692580830345444
GameObject:
  m_ObjectHideFlags: 0
  m_CorrespondingSourceObject: {fileID: 0}
  m_PrefabInstance: {fileID: 0}
  m_PrefabAsset: {fileID: 0}
  serializedVersion: 6
  m_Component:
  - component: {fileID: 3202692580830345447}
  m_Layer: 0
  m_Name: Lamp 2
  m_TagString: Untagged
  m_Icon: {fileID: 0}
  m_NavMeshLayer: 0
  m_StaticEditorFlags: 0
  m_IsActive: 1
--- !u!4 &3202692580830345447
Transform:
  m_ObjectHideFlags: 0
  m_CorrespondingSourceObject: {fileID: 0}
  m_PrefabInstance: {fileID: 0}
  m_PrefabAsset: {fileID: 0}
  m_GameObject: {fileID: 3202692580830345444}
  m_LocalRotation: {x: 0, y: 0, z: 0, w: 1}
  m_LocalPosition: {x: 12.186, y: -0.689, z: 3.934}
  m_LocalScale: {x: 1, y: 1, z: 1}
  m_Children:
  - {fileID: 3202692582177621426}
  - {fileID: 3202692580839982635}
  - {fileID: 3202692582388908987}
  - {fileID: 9122710723174374588}
  - {fileID: 3368751028845535292}
  m_Father: {fileID: 0}
  m_RootOrder: 0
  m_LocalEulerAnglesHint: {x: 0, y: 0, z: 0}
--- !u!1 &3202692580839982636
GameObject:
  m_ObjectHideFlags: 0
  m_CorrespondingSourceObject: {fileID: 0}
  m_PrefabInstance: {fileID: 0}
  m_PrefabAsset: {fileID: 0}
  serializedVersion: 6
  m_Component:
  - component: {fileID: 3202692580839982635}
  - component: {fileID: 3202692580839982632}
  - component: {fileID: 3202692580839982633}
  - component: {fileID: 3202692580839982638}
  - component: {fileID: 3202692580839982639}
  m_Layer: 0
  m_Name: Cube
  m_TagString: Untagged
  m_Icon: {fileID: 0}
  m_NavMeshLayer: 0
  m_StaticEditorFlags: 0
  m_IsActive: 1
--- !u!4 &3202692580839982635
Transform:
  m_ObjectHideFlags: 0
  m_CorrespondingSourceObject: {fileID: 0}
  m_PrefabInstance: {fileID: 0}
  m_PrefabAsset: {fileID: 0}
  m_GameObject: {fileID: 3202692580839982636}
  m_LocalRotation: {x: -0, y: -0, z: -0, w: 1}
  m_LocalPosition: {x: -0.16800022, y: 0.20628, z: 0.18370008}
  m_LocalScale: {x: 0.6389448, y: 0.737534, z: 0.6389448}
  m_Children: []
  m_Father: {fileID: 3202692580830345447}
  m_RootOrder: 1
  m_LocalEulerAnglesHint: {x: 0, y: 0, z: 0}
--- !u!33 &3202692580839982632
MeshFilter:
  m_ObjectHideFlags: 0
  m_CorrespondingSourceObject: {fileID: 0}
  m_PrefabInstance: {fileID: 0}
  m_PrefabAsset: {fileID: 0}
  m_GameObject: {fileID: 3202692580839982636}
  m_Mesh: {fileID: 0}
--- !u!23 &3202692580839982633
MeshRenderer:
  m_ObjectHideFlags: 0
  m_CorrespondingSourceObject: {fileID: 0}
  m_PrefabInstance: {fileID: 0}
  m_PrefabAsset: {fileID: 0}
  m_GameObject: {fileID: 3202692580839982636}
  m_Enabled: 1
  m_CastShadows: 1
  m_ReceiveShadows: 1
  m_DynamicOccludee: 1
  m_MotionVectors: 1
  m_LightProbeUsage: 1
  m_ReflectionProbeUsage: 1
  m_RenderingLayerMask: 1
  m_RendererPriority: 0
  m_Materials:
  - {fileID: 2100000, guid: c22777d6e868e4f2fb421913386b154e, type: 2}
  m_StaticBatchInfo:
    firstSubMesh: 0
    subMeshCount: 0
  m_StaticBatchRoot: {fileID: 0}
  m_ProbeAnchor: {fileID: 0}
  m_LightProbeVolumeOverride: {fileID: 0}
  m_ScaleInLightmap: 1
  m_PreserveUVs: 0
  m_IgnoreNormalsForChartDetection: 0
  m_ImportantGI: 0
  m_StitchLightmapSeams: 1
  m_SelectedEditorRenderState: 2
  m_MinimumChartSize: 4
  m_AutoUVMaxDistance: 0.5
  m_AutoUVMaxAngle: 89
  m_LightmapParameters: {fileID: 0}
  m_SortingLayerID: 0
  m_SortingLayer: 0
  m_SortingOrder: 0
--- !u!114 &3202692580839982638
MonoBehaviour:
  m_ObjectHideFlags: 0
  m_CorrespondingSourceObject: {fileID: 0}
  m_PrefabInstance: {fileID: 0}
  m_PrefabAsset: {fileID: 0}
  m_GameObject: {fileID: 3202692580839982636}
  m_Enabled: 1
  m_EditorHideFlags: 0
  m_Script: {fileID: 11500000, guid: 8233d90336aea43098adf6dbabd606a2, type: 3}
  m_Name: 
  m_EditorClassIdentifier: 
  m_MeshFormatVersion: 1
  m_Faces:
  - m_Indexes: 000000000100000002000000010000000300000002000000
    m_SmoothingGroup: 0
    m_Uv:
      m_UseWorldSpace: 0
      m_FlipU: 0
      m_FlipV: 0
      m_SwapUV: 0
      m_Fill: 1
      m_Scale: {x: 1, y: 1}
      m_Offset: {x: 0, y: 0}
      m_Rotation: 0
      m_Anchor: 9
    m_Material: {fileID: 0}
    m_SubmeshIndex: 0
    m_ManualUV: 0
    elementGroup: -1
    m_TextureGroup: -1
  - m_Indexes: 040000000500000006000000050000000700000006000000
    m_SmoothingGroup: 0
    m_Uv:
      m_UseWorldSpace: 0
      m_FlipU: 0
      m_FlipV: 0
      m_SwapUV: 0
      m_Fill: 1
      m_Scale: {x: 1, y: 1}
      m_Offset: {x: 0, y: 0}
      m_Rotation: 0
      m_Anchor: 9
    m_Material: {fileID: 0}
    m_SubmeshIndex: 0
    m_ManualUV: 0
    elementGroup: -1
    m_TextureGroup: -1
  - m_Indexes: 08000000090000000a000000090000000b0000000a000000
    m_SmoothingGroup: 0
    m_Uv:
      m_UseWorldSpace: 0
      m_FlipU: 0
      m_FlipV: 0
      m_SwapUV: 0
      m_Fill: 1
      m_Scale: {x: 1, y: 1}
      m_Offset: {x: 0, y: 0}
      m_Rotation: 0
      m_Anchor: 9
    m_Material: {fileID: 0}
    m_SubmeshIndex: 0
    m_ManualUV: 0
    elementGroup: -1
    m_TextureGroup: -1
  - m_Indexes: 0c0000000d0000000e0000000d0000000f0000000e000000
    m_SmoothingGroup: 0
    m_Uv:
      m_UseWorldSpace: 0
      m_FlipU: 0
      m_FlipV: 0
      m_SwapUV: 0
      m_Fill: 1
      m_Scale: {x: 1, y: 1}
      m_Offset: {x: 0, y: 0}
      m_Rotation: 0
      m_Anchor: 9
    m_Material: {fileID: 0}
    m_SubmeshIndex: 0
    m_ManualUV: 0
    elementGroup: -1
    m_TextureGroup: -1
  - m_Indexes: 100000001100000012000000110000001300000012000000
    m_SmoothingGroup: 0
    m_Uv:
      m_UseWorldSpace: 0
      m_FlipU: 0
      m_FlipV: 0
      m_SwapUV: 0
      m_Fill: 1
      m_Scale: {x: 1, y: 1}
      m_Offset: {x: 0, y: 0}
      m_Rotation: 0
      m_Anchor: 9
    m_Material: {fileID: 0}
    m_SubmeshIndex: 0
    m_ManualUV: 0
    elementGroup: -1
    m_TextureGroup: -1
  - m_Indexes: 140000001500000016000000150000001700000016000000
    m_SmoothingGroup: 0
    m_Uv:
      m_UseWorldSpace: 0
      m_FlipU: 0
      m_FlipV: 0
      m_SwapUV: 0
      m_Fill: 1
      m_Scale: {x: 1, y: 1}
      m_Offset: {x: 0, y: 0}
      m_Rotation: 0
      m_Anchor: 9
    m_Material: {fileID: 0}
    m_SubmeshIndex: 0
    m_ManualUV: 0
    elementGroup: -1
    m_TextureGroup: -1
  - m_Indexes: 18000000190000001a000000190000001b0000001a000000
    m_SmoothingGroup: 0
    m_Uv:
      m_UseWorldSpace: 0
      m_FlipU: 0
      m_FlipV: 0
      m_SwapUV: 0
      m_Fill: 1
      m_Scale: {x: 1, y: 1}
      m_Offset: {x: 0, y: 0}
      m_Rotation: 0
      m_Anchor: 9
    m_Material: {fileID: 0}
    m_SubmeshIndex: 0
    m_ManualUV: 0
    elementGroup: -1
    m_TextureGroup: -1
  - m_Indexes: 1c0000001d0000001e0000001d0000001f0000001e000000
    m_SmoothingGroup: 0
    m_Uv:
      m_UseWorldSpace: 0
      m_FlipU: 0
      m_FlipV: 0
      m_SwapUV: 0
      m_Fill: 1
      m_Scale: {x: 1, y: 1}
      m_Offset: {x: 0, y: 0}
      m_Rotation: 0
      m_Anchor: 9
    m_Material: {fileID: 0}
    m_SubmeshIndex: 0
    m_ManualUV: 0
    elementGroup: -1
    m_TextureGroup: -1
  - m_Indexes: 200000002100000022000000210000002300000022000000
    m_SmoothingGroup: 0
    m_Uv:
      m_UseWorldSpace: 0
      m_FlipU: 0
      m_FlipV: 0
      m_SwapUV: 0
      m_Fill: 1
      m_Scale: {x: 1, y: 1}
      m_Offset: {x: 0, y: 0}
      m_Rotation: 0
      m_Anchor: 9
    m_Material: {fileID: 0}
    m_SubmeshIndex: 0
    m_ManualUV: 0
    elementGroup: -1
    m_TextureGroup: -1
  - m_Indexes: 240000002500000026000000250000002700000026000000
    m_SmoothingGroup: 0
    m_Uv:
      m_UseWorldSpace: 0
      m_FlipU: 0
      m_FlipV: 0
      m_SwapUV: 0
      m_Fill: 1
      m_Scale: {x: 1, y: 1}
      m_Offset: {x: 0, y: 0}
      m_Rotation: 0
      m_Anchor: 9
    m_Material: {fileID: 0}
    m_SubmeshIndex: 0
    m_ManualUV: 0
    elementGroup: -1
    m_TextureGroup: -1
  - m_Indexes: 28000000290000002a000000290000002b0000002a000000
    m_SmoothingGroup: 0
    m_Uv:
      m_UseWorldSpace: 0
      m_FlipU: 0
      m_FlipV: 0
      m_SwapUV: 0
      m_Fill: 1
      m_Scale: {x: 1, y: 1}
      m_Offset: {x: 0, y: 0}
      m_Rotation: 0
      m_Anchor: 9
    m_Material: {fileID: 0}
    m_SubmeshIndex: 0
    m_ManualUV: 0
    elementGroup: -1
    m_TextureGroup: -1
  - m_Indexes: 2c0000002d0000002e0000002d0000002f0000002e000000
    m_SmoothingGroup: 0
    m_Uv:
      m_UseWorldSpace: 0
      m_FlipU: 0
      m_FlipV: 0
      m_SwapUV: 0
      m_Fill: 1
      m_Scale: {x: 1, y: 1}
      m_Offset: {x: 0, y: 0}
      m_Rotation: 0
      m_Anchor: 9
    m_Material: {fileID: 0}
    m_SubmeshIndex: 0
    m_ManualUV: 0
    elementGroup: -1
    m_TextureGroup: -1
  - m_Indexes: 300000003100000032000000310000003300000032000000
    m_SmoothingGroup: 0
    m_Uv:
      m_UseWorldSpace: 0
      m_FlipU: 0
      m_FlipV: 0
      m_SwapUV: 0
      m_Fill: 1
      m_Scale: {x: 1, y: 1}
      m_Offset: {x: 0, y: 0}
      m_Rotation: 0
      m_Anchor: 9
    m_Material: {fileID: 0}
    m_SubmeshIndex: 0
    m_ManualUV: 0
    elementGroup: -1
    m_TextureGroup: -1
  - m_Indexes: 340000003500000036000000350000003700000036000000
    m_SmoothingGroup: 0
    m_Uv:
      m_UseWorldSpace: 0
      m_FlipU: 0
      m_FlipV: 0
      m_SwapUV: 0
      m_Fill: 1
      m_Scale: {x: 1, y: 1}
      m_Offset: {x: 0, y: 0}
      m_Rotation: 0
      m_Anchor: 9
    m_Material: {fileID: 0}
    m_SubmeshIndex: 0
    m_ManualUV: 0
    elementGroup: -1
    m_TextureGroup: -1
  - m_Indexes: 38000000390000003a000000390000003b0000003a000000
    m_SmoothingGroup: 0
    m_Uv:
      m_UseWorldSpace: 0
      m_FlipU: 0
      m_FlipV: 0
      m_SwapUV: 0
      m_Fill: 1
      m_Scale: {x: 1, y: 1}
      m_Offset: {x: 0, y: 0}
      m_Rotation: 0
      m_Anchor: 9
    m_Material: {fileID: 0}
    m_SubmeshIndex: 0
    m_ManualUV: 0
    elementGroup: -1
    m_TextureGroup: -1
  - m_Indexes: 3c0000003d0000003e0000003d0000003f0000003e000000
    m_SmoothingGroup: 0
    m_Uv:
      m_UseWorldSpace: 0
      m_FlipU: 0
      m_FlipV: 0
      m_SwapUV: 0
      m_Fill: 1
      m_Scale: {x: 1, y: 1}
      m_Offset: {x: 0, y: 0}
      m_Rotation: 0
      m_Anchor: 9
    m_Material: {fileID: 0}
    m_SubmeshIndex: 0
    m_ManualUV: 0
    elementGroup: -1
    m_TextureGroup: -1
  - m_Indexes: 400000004100000042000000410000004300000042000000
    m_SmoothingGroup: 0
    m_Uv:
      m_UseWorldSpace: 0
      m_FlipU: 0
      m_FlipV: 0
      m_SwapUV: 0
      m_Fill: 1
      m_Scale: {x: 1, y: 1}
      m_Offset: {x: 0, y: 0}
      m_Rotation: 0
      m_Anchor: 9
    m_Material: {fileID: 0}
    m_SubmeshIndex: 0
    m_ManualUV: 0
    elementGroup: -1
    m_TextureGroup: -1
  - m_Indexes: 460000004700000044000000460000004400000045000000
    m_SmoothingGroup: 0
    m_Uv:
      m_UseWorldSpace: 0
      m_FlipU: 0
      m_FlipV: 0
      m_SwapUV: 0
      m_Fill: 1
      m_Scale: {x: 1, y: 1}
      m_Offset: {x: 0, y: 0}
      m_Rotation: 0
      m_Anchor: 9
    m_Material: {fileID: 2100000, guid: c22777d6e868e4f2fb421913386b154e, type: 2}
    m_SubmeshIndex: 0
    m_ManualUV: 0
    elementGroup: 0
    m_TextureGroup: 1
  - m_Indexes: 4a0000004b000000480000004a0000004800000049000000
    m_SmoothingGroup: 0
    m_Uv:
      m_UseWorldSpace: 0
      m_FlipU: 0
      m_FlipV: 0
      m_SwapUV: 0
      m_Fill: 1
      m_Scale: {x: 1, y: 1}
      m_Offset: {x: 0, y: 0}
      m_Rotation: 0
      m_Anchor: 9
    m_Material: {fileID: 2100000, guid: c22777d6e868e4f2fb421913386b154e, type: 2}
    m_SubmeshIndex: 0
    m_ManualUV: 0
    elementGroup: 0
    m_TextureGroup: 2
  - m_Indexes: 4d0000004e0000004f0000004c0000004d0000004f000000
    m_SmoothingGroup: 0
    m_Uv:
      m_UseWorldSpace: 0
      m_FlipU: 0
      m_FlipV: 0
      m_SwapUV: 0
      m_Fill: 1
      m_Scale: {x: 1, y: 1}
      m_Offset: {x: 0, y: 0}
      m_Rotation: 0
      m_Anchor: 9
    m_Material: {fileID: 2100000, guid: c22777d6e868e4f2fb421913386b154e, type: 2}
    m_SubmeshIndex: 0
    m_ManualUV: 0
    elementGroup: 0
    m_TextureGroup: 3
  - m_Indexes: 510000005300000050000000510000005200000053000000
    m_SmoothingGroup: 0
    m_Uv:
      m_UseWorldSpace: 0
      m_FlipU: 0
      m_FlipV: 0
      m_SwapUV: 0
      m_Fill: 1
      m_Scale: {x: 1, y: 1}
      m_Offset: {x: 0, y: 0}
      m_Rotation: 0
      m_Anchor: 9
    m_Material: {fileID: 2100000, guid: c22777d6e868e4f2fb421913386b154e, type: 2}
    m_SubmeshIndex: 0
    m_ManualUV: 0
    elementGroup: 0
    m_TextureGroup: 4
  - m_Indexes: 540000005500000056000000540000005600000057000000
    m_SmoothingGroup: 0
    m_Uv:
      m_UseWorldSpace: 0
      m_FlipU: 0
      m_FlipV: 0
      m_SwapUV: 0
      m_Fill: 1
      m_Scale: {x: 1, y: 1}
      m_Offset: {x: 0, y: 0}
      m_Rotation: 0
      m_Anchor: 9
    m_Material: {fileID: 2100000, guid: c22777d6e868e4f2fb421913386b154e, type: 2}
    m_SubmeshIndex: 0
    m_ManualUV: 0
    elementGroup: 0
    m_TextureGroup: 1
  - m_Indexes: 5a0000005b000000580000005a0000005800000059000000
    m_SmoothingGroup: 0
    m_Uv:
      m_UseWorldSpace: 0
      m_FlipU: 0
      m_FlipV: 0
      m_SwapUV: 0
      m_Fill: 1
      m_Scale: {x: 1, y: 1}
      m_Offset: {x: 0, y: 0}
      m_Rotation: 0
      m_Anchor: 9
    m_Material: {fileID: 2100000, guid: c22777d6e868e4f2fb421913386b154e, type: 2}
    m_SubmeshIndex: 0
    m_ManualUV: 0
    elementGroup: 0
    m_TextureGroup: 2
  - m_Indexes: 5c0000005d0000005f0000005d0000005e0000005f000000
    m_SmoothingGroup: 0
    m_Uv:
      m_UseWorldSpace: 0
      m_FlipU: 0
      m_FlipV: 0
      m_SwapUV: 0
      m_Fill: 1
      m_Scale: {x: 1, y: 1}
      m_Offset: {x: 0, y: 0}
      m_Rotation: 0
      m_Anchor: 9
    m_Material: {fileID: 2100000, guid: c22777d6e868e4f2fb421913386b154e, type: 2}
    m_SubmeshIndex: 0
    m_ManualUV: 0
    elementGroup: 0
    m_TextureGroup: 3
  - m_Indexes: 630000006100000062000000630000006000000061000000
    m_SmoothingGroup: 0
    m_Uv:
      m_UseWorldSpace: 0
      m_FlipU: 0
      m_FlipV: 0
      m_SwapUV: 0
      m_Fill: 1
      m_Scale: {x: 1, y: 1}
      m_Offset: {x: 0, y: 0}
      m_Rotation: 0
      m_Anchor: 9
    m_Material: {fileID: 2100000, guid: c22777d6e868e4f2fb421913386b154e, type: 2}
    m_SubmeshIndex: 0
    m_ManualUV: 0
    elementGroup: 0
    m_TextureGroup: 4
  - m_Indexes: 670000006600000064000000660000006500000064000000
    m_SmoothingGroup: 0
    m_Uv:
      m_UseWorldSpace: 0
      m_FlipU: 0
      m_FlipV: 0
      m_SwapUV: 0
      m_Fill: 1
      m_Scale: {x: 1, y: 1}
      m_Offset: {x: 0, y: 0}
      m_Rotation: 0
      m_Anchor: 9
    m_Material: {fileID: 2100000, guid: c22777d6e868e4f2fb421913386b154e, type: 2}
    m_SubmeshIndex: 0
    m_ManualUV: 0
    elementGroup: 0
    m_TextureGroup: -1
  m_SharedVertices:
  - m_Vertices: 000000000d0000001800000021000000
  - m_Vertices: 01000000040000001d00000020000000
  - m_Vertices: 020000000f0000003400000039000000
  - m_Vertices: 0300000006000000350000003c000000
  - m_Vertices: 0500000008000000150000001c000000
  - m_Vertices: 070000000a0000003d00000040000000
  - m_Vertices: 090000000c0000001400000019000000
  - m_Vertices: 0b0000000e0000003800000041000000
  - m_Vertices: 10000000260000002b000000
  - m_Vertices: 11000000270000002e000000
  - m_Vertices: 120000002a00000033000000
  - m_Vertices: 130000002f00000032000000
  - m_Vertices: 160000001b0000002400000029000000
  - m_Vertices: 170000001e000000250000002c000000
  - m_Vertices: 1a000000230000002800000031000000
  - m_Vertices: 1f000000220000002d00000030000000
  - m_Vertices: 360000003b0000004400000049000000
  - m_Vertices: 370000003e000000450000004c000000
  - m_Vertices: 3a000000430000004800000051000000
  - m_Vertices: 3f000000420000004d00000050000000
  - m_Vertices: 460000004f000000540000005f000000
  - m_Vertices: 470000004a0000005700000058000000
  - m_Vertices: 4b000000520000005b00000060000000
  - m_Vertices: 4e000000530000005c00000063000000
  - m_Vertices: 550000005e00000064000000
  - m_Vertices: 560000005900000065000000
  - m_Vertices: 5a0000006100000066000000
  - m_Vertices: 5d0000006200000067000000
  m_SharedTextures: []
  m_Positions:
  - {x: 0, y: 0, z: 0}
  - {x: 0.5, y: 0, z: 0}
  - {x: 0, y: 0.5, z: 0}
  - {x: 0.5, y: 0.5, z: 0}
  - {x: 0.5, y: 0, z: 0}
  - {x: 0.5, y: 0, z: -0.5}
  - {x: 0.5, y: 0.5, z: 0}
  - {x: 0.5, y: 0.5, z: -0.5}
  - {x: 0.5, y: 0, z: -0.5}
  - {x: 0, y: 0, z: -0.5}
  - {x: 0.5, y: 0.5, z: -0.5}
  - {x: 0, y: 0.5, z: -0.5}
  - {x: 0, y: 0, z: -0.5}
  - {x: 0, y: 0, z: 0}
  - {x: 0, y: 0.5, z: -0.5}
  - {x: 0, y: 0.5, z: 0}
  - {x: 0.0874996, y: -0.055757966, z: -0.4125004}
  - {x: 0.4125, y: -0.055757966, z: -0.4125004}
  - {x: 0.0874996, y: -0.055757966, z: -0.08750003}
  - {x: 0.4125, y: -0.055757966, z: -0.08750003}
  - {x: 0, y: 0, z: -0.5}
  - {x: 0.5, y: 0, z: -0.5}
  - {x: 0.0874996, y: -0.000064998516, z: -0.4125001}
  - {x: 0.4125, y: -0.000064998516, z: -0.4125001}
  - {x: 0, y: 0, z: 0}
  - {x: 0, y: 0, z: -0.5}
  - {x: 0.0874996, y: -0.000064998516, z: -0.08750003}
  - {x: 0.0874996, y: -0.000064998516, z: -0.4125001}
  - {x: 0.5, y: 0, z: -0.5}
  - {x: 0.5, y: 0, z: 0}
  - {x: 0.4125, y: -0.000064998516, z: -0.4125001}
  - {x: 0.4125, y: -0.000064998516, z: -0.08750003}
  - {x: 0.5, y: 0, z: 0}
  - {x: 0, y: 0, z: 0}
  - {x: 0.4125, y: -0.000064998516, z: -0.08750003}
  - {x: 0.0874996, y: -0.000064998516, z: -0.08750003}
  - {x: 0.0874996, y: -0.000064998516, z: -0.4125001}
  - {x: 0.4125, y: -0.000064998516, z: -0.4125001}
  - {x: 0.0874996, y: -0.055757966, z: -0.4125004}
  - {x: 0.4125, y: -0.055757966, z: -0.4125004}
  - {x: 0.0874996, y: -0.000064998516, z: -0.08750003}
  - {x: 0.0874996, y: -0.000064998516, z: -0.4125001}
  - {x: 0.0874996, y: -0.055757966, z: -0.08750003}
  - {x: 0.0874996, y: -0.055757966, z: -0.4125004}
  - {x: 0.4125, y: -0.000064998516, z: -0.4125001}
  - {x: 0.4125, y: -0.000064998516, z: -0.08750003}
  - {x: 0.4125, y: -0.055757966, z: -0.4125004}
  - {x: 0.4125, y: -0.055757966, z: -0.08750003}
  - {x: 0.4125, y: -0.000064998516, z: -0.08750003}
  - {x: 0.0874996, y: -0.000064998516, z: -0.08750003}
  - {x: 0.4125, y: -0.055757966, z: -0.08750003}
  - {x: 0.0874996, y: -0.055757966, z: -0.08750003}
  - {x: 0, y: 0.5, z: 0}
  - {x: 0.5, y: 0.5, z: 0}
  - {x: -0.19839112, y: 0.43795606, z: 0.09652253}
  - {x: 0.698376, y: 0.43795606, z: 0.09652253}
  - {x: 0, y: 0.5, z: -0.5}
  - {x: 0, y: 0.5, z: 0}
  - {x: -0.19839112, y: 0.43795606, z: -0.5965231}
  - {x: -0.19839112, y: 0.43795606, z: 0.09652253}
  - {x: 0.5, y: 0.5, z: 0}
  - {x: 0.5, y: 0.5, z: -0.5}
  - {x: 0.698376, y: 0.43795606, z: 0.09652253}
  - {x: 0.698376, y: 0.43795606, z: -0.5965231}
  - {x: 0.5, y: 0.5, z: -0.5}
  - {x: 0, y: 0.5, z: -0.5}
  - {x: 0.698376, y: 0.43795606, z: -0.5965231}
  - {x: -0.19839112, y: 0.43795606, z: -0.5965231}
  - {x: -0.19839112, y: 0.43795606, z: 0.09652253}
  - {x: 0.698376, y: 0.43795606, z: 0.09652253}
  - {x: 0.42519113, y: 0.5584954, z: -0.07480068}
  - {x: 0.07479077, y: 0.5584954, z: -0.07480068}
  - {x: -0.19839112, y: 0.43795606, z: -0.5965231}
  - {x: -0.19839112, y: 0.43795606, z: 0.09652253}
  - {x: 0.07479077, y: 0.5584954, z: -0.07480068}
  - {x: 0.07479077, y: 0.5584954, z: -0.42520028}
  - {x: 0.698376, y: 0.43795606, z: 0.09652253}
  - {x: 0.698376, y: 0.43795606, z: -0.5965231}
  - {x: 0.42519113, y: 0.5584954, z: -0.42520028}
  - {x: 0.42519113, y: 0.5584954, z: -0.07480068}
  - {x: 0.698376, y: 0.43795606, z: -0.5965231}
  - {x: -0.19839112, y: 0.43795606, z: -0.5965231}
  - {x: 0.07479077, y: 0.5584954, z: -0.42520028}
  - {x: 0.42519113, y: 0.5584954, z: -0.42520028}
  - {x: 0.42519113, y: 0.5584954, z: -0.07480068}
  - {x: 0.32094806, y: 0.6261868, z: -0.17904449}
  - {x: 0.17903534, y: 0.6261868, z: -0.17904449}
  - {x: 0.07479077, y: 0.5584954, z: -0.07480068}
  - {x: 0.07479077, y: 0.5584954, z: -0.07480068}
  - {x: 0.17903534, y: 0.6261868, z: -0.17904449}
  - {x: 0.17903534, y: 0.6261868, z: -0.32095647}
  - {x: 0.07479077, y: 0.5584954, z: -0.42520028}
  - {x: 0.42519113, y: 0.5584954, z: -0.42520028}
  - {x: 0.32094806, y: 0.6261868, z: -0.32095647}
  - {x: 0.32094806, y: 0.6261868, z: -0.17904449}
  - {x: 0.42519113, y: 0.5584954, z: -0.07480068}
  - {x: 0.07479077, y: 0.5584954, z: -0.42520028}
  - {x: 0.17903534, y: 0.6261868, z: -0.32095647}
  - {x: 0.32094806, y: 0.6261868, z: -0.32095647}
  - {x: 0.42519113, y: 0.5584954, z: -0.42520028}
  - {x: 0.32094806, y: 0.6261868, z: -0.17904449}
  - {x: 0.17903534, y: 0.6261868, z: -0.17904449}
  - {x: 0.17903534, y: 0.6261868, z: -0.32095647}
  - {x: 0.32094806, y: 0.6261868, z: -0.32095647}
  m_Textures0:
  - {x: 0, y: 0}
  - {x: -0.5, y: 0}
  - {x: 0, y: 0.5}
  - {x: -0.5, y: 0.5}
  - {x: 0, y: 0}
  - {x: -0.5, y: 0}
  - {x: 0, y: 0.5}
  - {x: -0.5, y: 0.5}
  - {x: 0.5, y: 0}
  - {x: 0, y: 0}
  - {x: 0.5, y: 0.5}
  - {x: 0, y: 0.5}
  - {x: 0.5, y: 0}
  - {x: 0, y: 0}
  - {x: 0.5, y: 0.5}
  - {x: 0, y: 0.5}
  - {x: -0.0874996, y: -0.4125004}
  - {x: -0.4125, y: -0.4125004}
  - {x: -0.0874996, y: -0.08750003}
  - {x: -0.4125, y: -0.08750003}
  - {x: -0, y: -0.49999985}
  - {x: -0.5, y: -0.49999985}
  - {x: -0.0874996, y: -0.41249993}
  - {x: -0.4125, y: -0.41249993}
  - {x: 0, y: 0}
  - {x: 0, y: -0.5}
  - {x: -0.08749963, y: -0.08750003}
  - {x: -0.08749963, y: -0.4125001}
  - {x: -0.49999988, y: -0.5}
  - {x: -0.49999988, y: 0}
  - {x: -0.41249985, y: -0.4125001}
  - {x: -0.41249985, y: -0.08750003}
  - {x: -0.5, y: 0}
  - {x: 0, y: 0}
  - {x: -0.4125, y: -0.08750005}
  - {x: -0.0874996, y: -0.08750005}
  - {x: 0.0874996, y: -0.00006720588}
  - {x: 0.4125, y: -0.00006720588}
  - {x: 0.0874996, y: -0.055760175}
  - {x: 0.4125, y: -0.055760175}
  - {x: 0.08750003, y: -0.000064998516}
  - {x: 0.4125001, y: -0.000064998516}
  - {x: 0.08750003, y: -0.055757966}
  - {x: 0.4125004, y: -0.055757966}
  - {x: -0.4125001, y: -0.000064998516}
  - {x: -0.08750003, y: -0.000064998516}
  - {x: -0.4125004, y: -0.055757966}
  - {x: -0.08750003, y: -0.055757966}
  - {x: -0.4125, y: -0.000064998516}
  - {x: -0.0874996, y: -0.000064998516}
  - {x: -0.4125, y: -0.055757966}
  - {x: -0.0874996, y: -0.055757966}
  - {x: 0, y: -0.27035946}
  - {x: -0.5, y: -0.27035946}
  - {x: 0.19839112, y: -0.15561606}
  - {x: -0.698376, y: -0.15561606}
  - {x: -0.14923985, y: -0.5}
  - {x: -0.14923985, y: 0}
  - {x: 0.058626663, y: -0.5965231}
  - {x: 0.058626663, y: 0.09652253}
  - {x: -0.32795453, y: 0}
  - {x: -0.32795453, y: -0.5}
  - {x: -0.5358066, y: 0.09652253}
  - {x: -0.5358066, y: -0.5965231}
  - {x: -0.5, y: -0.15024403}
  - {x: 0, y: -0.15024403}
  - {x: -0.698376, y: -0.26498792}
  - {x: 0.19839112, y: -0.26498792}
  - {x: -0.19839112, y: -0.16534442}
  - {x: 0.698376, y: -0.16534442}
  - {x: 0.42519113, y: -0.374787}
  - {x: 0.07479077, y: -0.374787}
  - {x: 0.03381664, y: -0.5965231}
  - {x: 0.03381664, y: 0.09652253}
  - {x: 0.33145073, y: -0.07480068}
  - {x: 0.33145073, y: -0.42520028}
  - {x: 0.40597925, y: 0.09652253}
  - {x: 0.40597925, y: -0.5965231}
  - {x: 0.108342595, y: -0.42520028}
  - {x: 0.108342595, y: -0.07480068}
  - {x: 0.698376, y: -0.2488635}
  - {x: -0.19839112, y: -0.2488635}
  - {x: 0.07479077, y: -0.039421253}
  - {x: 0.42519113, y: -0.039421253}
  - {x: 0.42519113, y: -0.374787}
  - {x: 0.32094806, y: -0.49905908}
  - {x: 0.17903534, y: -0.49905908}
  - {x: 0.07479077, y: -0.374787}
  - {x: 0.33145073, y: -0.07480068}
  - {x: 0.45534557, y: -0.17904449}
  - {x: 0.45534557, y: -0.32095647}
  - {x: 0.33145073, y: -0.42520028}
  - {x: 0.108342595, y: -0.42520028}
  - {x: -0.015550939, y: -0.32095647}
  - {x: -0.015550939, y: -0.17904449}
  - {x: 0.108342595, y: -0.07480068}
  - {x: 0.07479077, y: -0.039421253}
  - {x: 0.17903534, y: 0.08485083}
  - {x: 0.32094806, y: 0.08485083}
  - {x: 0.42519113, y: -0.039421253}
  - {x: 0.32094806, y: -0.17904449}
  - {x: 0.17903534, y: -0.17904449}
  - {x: 0.17903534, y: -0.32095647}
  - {x: 0.32094806, y: -0.32095647}
  m_Textures2: []
  m_Textures3: []
  m_Tangents:
  - {x: -1, y: 0, z: 0, w: -1}
  - {x: -1, y: 0, z: 0, w: -1}
  - {x: -1, y: 0, z: 0, w: -1}
  - {x: -1, y: 0, z: 0, w: -1}
  - {x: 0, y: 0, z: 1, w: -1}
  - {x: 0, y: 0, z: 1, w: -1}
  - {x: 0, y: 0, z: 1, w: -1}
  - {x: 0, y: 0, z: 1, w: -1}
  - {x: 1, y: 0, z: 0, w: -1}
  - {x: 1, y: 0, z: 0, w: -1}
  - {x: 1, y: 0, z: 0, w: -1}
  - {x: 1, y: 0, z: 0, w: -1}
  - {x: 0, y: 0, z: -1, w: -1}
  - {x: 0, y: 0, z: -1, w: -1}
  - {x: 0, y: 0, z: -1, w: -1}
  - {x: 0, y: 0, z: -1, w: -1}
  - {x: -1, y: 0, z: 0, w: -1}
  - {x: -1, y: 0, z: 0, w: -1}
  - {x: -1, y: 0, z: 0, w: -1}
  - {x: -1, y: 0, z: 0, w: -1}
  - {x: -1, y: 0, z: 0, w: -1}
  - {x: -1, y: 0, z: 0, w: -1}
  - {x: -1, y: 0, z: 0, w: -1}
  - {x: -1, y: 0, z: 0, w: -1}
  - {x: -0.99999976, y: 0.0007428434, z: 0, w: -1}
  - {x: -0.99999976, y: 0.0007428434, z: 0, w: -1}
  - {x: -0.99999976, y: 0.0007428434, z: 0, w: -1}
  - {x: -0.99999976, y: 0.0007428433, z: 0, w: -1}
  - {x: -0.99999976, y: -0.00074283994, z: 0, w: -1}
  - {x: -0.99999976, y: -0.0007428399, z: 0, w: -1}
  - {x: -0.99999976, y: -0.0007428399, z: 0, w: -1}
  - {x: -0.99999976, y: -0.0007428399, z: 0, w: -1}
  - {x: -1, y: 0, z: 0, w: -1}
  - {x: -1, y: 0, z: 0, w: -1}
  - {x: -1, y: 0, z: 0, w: -1}
  - {x: -1, y: 0, z: 0, w: -1}
  - {x: 1, y: 0, z: 0, w: -1}
  - {x: 1, y: 0, z: 0, w: -1}
  - {x: 1, y: 0, z: 0, w: -1}
  - {x: 1, y: 0, z: 0, w: -1}
  - {x: 0, y: 0, z: -1, w: -1}
  - {x: 0, y: 0, z: -1, w: -1}
  - {x: 0, y: 0, z: -1, w: -1}
  - {x: 0, y: 0, z: -1, w: -1}
  - {x: 0, y: 0, z: 1, w: -1}
  - {x: 0, y: 0, z: 1, w: -1}
  - {x: 0, y: 0, z: 1, w: -1}
  - {x: 0, y: 0, z: 1, w: -1}
  - {x: -1, y: 0, z: 0, w: -1}
  - {x: -1, y: 0, z: 0, w: -1}
  - {x: -1, y: 0, z: 0, w: -1}
  - {x: -1, y: 0, z: 0, w: -1}
  - {x: -1, y: 0, z: 0, w: -1}
  - {x: -1, y: 0, z: 0, w: -1}
  - {x: -1, y: 0, z: 0, w: -1}
  - {x: -1, y: 0, z: 0, w: -1}
  - {x: -0.954416, y: -0.29847974, z: 0, w: -1}
  - {x: -0.954416, y: -0.29847974, z: 0, w: -1}
  - {x: -0.954416, y: -0.29847974, z: 0, w: -1}
  - {x: -0.954416, y: -0.29847974, z: 0, w: -1}
  - {x: -0.9544095, y: 0.29850045, z: 0, w: -1}
  - {x: -0.9544095, y: 0.29850045, z: 0, w: -1}
  - {x: -0.9544095, y: 0.29850045, z: 0, w: -1}
  - {x: -0.95440954, y: 0.29850048, z: 0, w: -1}
  - {x: -1, y: 0, z: 0, w: -1}
  - {x: -1, y: 0, z: 0, w: -1}
  - {x: -1, y: 0, z: 0, w: -1}
  - {x: -1, y: 0, z: 0, w: -1}
  - {x: 1, y: 0, z: 0, w: -1}
  - {x: 1, y: 0, z: 0, w: -1}
  - {x: 1, y: 0, z: 0, w: -1}
  - {x: 1, y: 0, z: 0, w: -1}
  - {x: 0.9148956, y: 0.40369046, z: 0, w: -1}
  - {x: 0.9148956, y: 0.40369043, z: 0, w: -1}
  - {x: 0.9148956, y: 0.40369046, z: 0, w: -1}
  - {x: 0.9148956, y: 0.40369046, z: 0, w: -1}
  - {x: 0.9148973, y: -0.40368676, z: 0, w: -1}
  - {x: 0.9148973, y: -0.4036868, z: 0, w: -1}
  - {x: 0.9148973, y: -0.4036868, z: 0, w: -1}
  - {x: 0.9148973, y: -0.4036868, z: 0, w: -1}
  - {x: 1, y: 0, z: 0, w: -1}
  - {x: 1, y: 0, z: 0, w: -1}
  - {x: 1, y: 0, z: 0, w: -1}
  - {x: 1, y: 0, z: 0, w: -1}
  - {x: 1, y: 0, z: 0, w: -1}
  - {x: 1, y: 0, z: 0, w: -1}
  - {x: 1, y: 0, z: 0, w: -1}
  - {x: 1, y: 0, z: 0, w: -1}
  - {x: 0.83869207, y: 0.54460615, z: 0, w: -1}
  - {x: 0.838692, y: 0.5446061, z: 0, w: -1}
  - {x: 0.83869207, y: 0.54460615, z: 0, w: -1}
  - {x: 0.838692, y: 0.54460603, z: 0, w: -1}
  - {x: 0.8386884, y: -0.5446116, z: 0, w: -1}
  - {x: 0.83868843, y: -0.54461163, z: 0, w: -1}
  - {x: 0.83868843, y: -0.5446116, z: 0, w: -1}
  - {x: 0.83868843, y: -0.54461163, z: 0, w: -1}
  - {x: 1, y: 0, z: 0, w: -1}
  - {x: 1, y: 0, z: 0, w: -1}
  - {x: 1, y: 0, z: 0, w: -1}
  - {x: 1, y: 0, z: 0, w: -1}
  - {x: 1, y: 0, z: 0, w: -1}
  - {x: 1, y: 0, z: 0, w: -1}
  - {x: 1, y: 0, z: 0, w: -1}
  - {x: 1, y: 0, z: 0, w: -1}
  m_Colors:
  - {r: 1, g: 0.863, b: 0, a: 1}
  - {r: 1, g: 0.863, b: 0, a: 1}
  - {r: 1, g: 0.863, b: 0, a: 1}
  - {r: 1, g: 0.863, b: 0, a: 1}
  - {r: 1, g: 0.863, b: 0, a: 1}
  - {r: 1, g: 0.863, b: 0, a: 1}
  - {r: 1, g: 0.863, b: 0, a: 1}
  - {r: 1, g: 0.863, b: 0, a: 1}
  - {r: 1, g: 0.863, b: 0, a: 1}
  - {r: 1, g: 0.863, b: 0, a: 1}
  - {r: 1, g: 0.863, b: 0, a: 1}
  - {r: 1, g: 0.863, b: 0, a: 1}
  - {r: 1, g: 0.863, b: 0, a: 1}
  - {r: 1, g: 0.863, b: 0, a: 1}
  - {r: 1, g: 0.863, b: 0, a: 1}
  - {r: 1, g: 0.863, b: 0, a: 1}
  - {r: 1, g: 0.863, b: 0, a: 1}
  - {r: 1, g: 0.863, b: 0, a: 1}
  - {r: 1, g: 0.863, b: 0, a: 1}
  - {r: 1, g: 0.863, b: 0, a: 1}
  - {r: 1, g: 0.863, b: 0, a: 1}
  - {r: 1, g: 0.863, b: 0, a: 1}
  - {r: 1, g: 0.863, b: 0, a: 1}
  - {r: 1, g: 0.863, b: 0, a: 1}
  - {r: 1, g: 0.863, b: 0, a: 1}
  - {r: 1, g: 0.863, b: 0, a: 1}
  - {r: 1, g: 0.863, b: 0, a: 1}
  - {r: 1, g: 0.863, b: 0, a: 1}
  - {r: 1, g: 0.863, b: 0, a: 1}
  - {r: 1, g: 0.863, b: 0, a: 1}
  - {r: 1, g: 0.863, b: 0, a: 1}
  - {r: 1, g: 0.863, b: 0, a: 1}
  - {r: 1, g: 0.863, b: 0, a: 1}
  - {r: 1, g: 0.863, b: 0, a: 1}
  - {r: 1, g: 0.863, b: 0, a: 1}
  - {r: 1, g: 0.863, b: 0, a: 1}
  - {r: 1, g: 0.863, b: 0, a: 1}
  - {r: 1, g: 0.863, b: 0, a: 1}
  - {r: 1, g: 0.863, b: 0, a: 1}
  - {r: 1, g: 0.863, b: 0, a: 1}
  - {r: 1, g: 0.863, b: 0, a: 1}
  - {r: 1, g: 0.863, b: 0, a: 1}
  - {r: 1, g: 0.863, b: 0, a: 1}
  - {r: 1, g: 0.863, b: 0, a: 1}
  - {r: 1, g: 0.863, b: 0, a: 1}
  - {r: 1, g: 0.863, b: 0, a: 1}
  - {r: 1, g: 0.863, b: 0, a: 1}
  - {r: 1, g: 0.863, b: 0, a: 1}
  - {r: 1, g: 0.863, b: 0, a: 1}
  - {r: 1, g: 0.863, b: 0, a: 1}
  - {r: 1, g: 0.863, b: 0, a: 1}
  - {r: 1, g: 0.863, b: 0, a: 1}
  - {r: 1, g: 0.863, b: 0, a: 1}
  - {r: 1, g: 0.863, b: 0, a: 1}
  - {r: 1, g: 0.863, b: 0, a: 1}
  - {r: 1, g: 0.863, b: 0, a: 1}
  - {r: 1, g: 0.863, b: 0, a: 1}
  - {r: 1, g: 0.863, b: 0, a: 1}
  - {r: 1, g: 0.863, b: 0, a: 1}
  - {r: 1, g: 0.863, b: 0, a: 1}
  - {r: 1, g: 0.863, b: 0, a: 1}
  - {r: 1, g: 0.863, b: 0, a: 1}
  - {r: 1, g: 0.863, b: 0, a: 1}
  - {r: 1, g: 0.863, b: 0, a: 1}
  - {r: 1, g: 0.863, b: 0, a: 1}
  - {r: 1, g: 0.863, b: 0, a: 1}
  - {r: 1, g: 0.863, b: 0, a: 1}
  - {r: 1, g: 0.863, b: 0, a: 1}
  - {r: 1, g: 0.863, b: 0, a: 1}
  - {r: 1, g: 0.863, b: 0, a: 1}
  - {r: 1, g: 0.863, b: 0, a: 1}
  - {r: 1, g: 0.863, b: 0, a: 1}
  - {r: 1, g: 0.863, b: 0, a: 1}
  - {r: 1, g: 0.863, b: 0, a: 1}
  - {r: 1, g: 0.863, b: 0, a: 1}
  - {r: 1, g: 0.863, b: 0, a: 1}
  - {r: 1, g: 0.863, b: 0, a: 1}
  - {r: 1, g: 0.863, b: 0, a: 1}
  - {r: 1, g: 0.863, b: 0, a: 1}
  - {r: 1, g: 0.863, b: 0, a: 1}
  - {r: 1, g: 0.863, b: 0, a: 1}
  - {r: 1, g: 0.863, b: 0, a: 1}
  - {r: 1, g: 0.863, b: 0, a: 1}
  - {r: 1, g: 0.863, b: 0, a: 1}
  - {r: 1, g: 0.863, b: 0, a: 1}
  - {r: 1, g: 0.863, b: 0, a: 1}
  - {r: 1, g: 0.863, b: 0, a: 1}
  - {r: 1, g: 0.863, b: 0, a: 1}
  - {r: 1, g: 0.863, b: 0, a: 1}
  - {r: 1, g: 0.863, b: 0, a: 1}
  - {r: 1, g: 0.863, b: 0, a: 1}
  - {r: 1, g: 0.863, b: 0, a: 1}
  - {r: 1, g: 0.863, b: 0, a: 1}
  - {r: 1, g: 0.863, b: 0, a: 1}
  - {r: 1, g: 0.863, b: 0, a: 1}
  - {r: 1, g: 0.863, b: 0, a: 1}
  - {r: 1, g: 0.863, b: 0, a: 1}
  - {r: 1, g: 0.863, b: 0, a: 1}
  - {r: 1, g: 0.863, b: 0, a: 1}
  - {r: 1, g: 0.863, b: 0, a: 1}
  - {r: 1, g: 0.863, b: 0, a: 1}
  - {r: 1, g: 0.863, b: 0, a: 1}
  - {r: 1, g: 0.863, b: 0, a: 1}
  - {r: 1, g: 0.863, b: 0, a: 1}
  m_UnwrapParameters:
    m_HardAngle: 88
    m_PackMargin: 20
    m_AngleError: 8
    m_AreaError: 15
  m_PreserveMeshAssetOnDestroy: 0
  assetGuid: 
  m_IsSelectable: 1
  m_SelectedFaces: 19000000
  m_SelectedEdges:
  - a: 100
    b: 101
  - a: 101
    b: 102
  - a: 102
    b: 103
  - a: 103
    b: 100
  m_SelectedVertices: 64000000650000006600000067000000
--- !u!64 &3202692580839982639
MeshCollider:
  m_ObjectHideFlags: 0
  m_CorrespondingSourceObject: {fileID: 0}
  m_PrefabInstance: {fileID: 0}
  m_PrefabAsset: {fileID: 0}
  m_GameObject: {fileID: 3202692580839982636}
  m_Material: {fileID: 0}
  m_IsTrigger: 0
  m_Enabled: 1
  serializedVersion: 3
  m_Convex: 0
  m_CookingOptions: 14
  m_Mesh: {fileID: 0}
--- !u!1 &3202692582177621431
GameObject:
  m_ObjectHideFlags: 0
  m_CorrespondingSourceObject: {fileID: 0}
  m_PrefabInstance: {fileID: 0}
  m_PrefabAsset: {fileID: 0}
  serializedVersion: 6
  m_Component:
  - component: {fileID: 3202692582177621426}
  - component: {fileID: 3202692582177621427}
  - component: {fileID: 3202692582177621424}
  - component: {fileID: 3202692582177621425}
  - component: {fileID: 3202692582177621430}
  m_Layer: 0
  m_Name: Cube
  m_TagString: Untagged
  m_Icon: {fileID: 0}
  m_NavMeshLayer: 0
  m_StaticEditorFlags: 0
  m_IsActive: 1
--- !u!4 &3202692582177621426
Transform:
  m_ObjectHideFlags: 0
  m_CorrespondingSourceObject: {fileID: 0}
  m_PrefabInstance: {fileID: 0}
  m_PrefabAsset: {fileID: 0}
  m_GameObject: {fileID: 3202692582177621431}
  m_LocalRotation: {x: -0, y: -0, z: -0, w: 1}
  m_LocalPosition: {x: -0.25899982, y: -0.57, z: 0.27400017}
  m_LocalScale: {x: 1, y: 1, z: 1}
  m_Children: []
  m_Father: {fileID: 3202692580830345447}
  m_RootOrder: 0
  m_LocalEulerAnglesHint: {x: 0, y: 0, z: 0}
--- !u!33 &3202692582177621427
MeshFilter:
  m_ObjectHideFlags: 0
  m_CorrespondingSourceObject: {fileID: 0}
  m_PrefabInstance: {fileID: 0}
  m_PrefabAsset: {fileID: 0}
  m_GameObject: {fileID: 3202692582177621431}
  m_Mesh: {fileID: 0}
--- !u!23 &3202692582177621424
MeshRenderer:
  m_ObjectHideFlags: 0
  m_CorrespondingSourceObject: {fileID: 0}
  m_PrefabInstance: {fileID: 0}
  m_PrefabAsset: {fileID: 0}
  m_GameObject: {fileID: 3202692582177621431}
  m_Enabled: 1
  m_CastShadows: 1
  m_ReceiveShadows: 1
  m_DynamicOccludee: 1
  m_MotionVectors: 1
  m_LightProbeUsage: 1
  m_ReflectionProbeUsage: 1
  m_RenderingLayerMask: 1
  m_RendererPriority: 0
  m_Materials:
  - {fileID: 2100000, guid: c22777d6e868e4f2fb421913386b154e, type: 2}
  m_StaticBatchInfo:
    firstSubMesh: 0
    subMeshCount: 0
  m_StaticBatchRoot: {fileID: 0}
  m_ProbeAnchor: {fileID: 0}
  m_LightProbeVolumeOverride: {fileID: 0}
  m_ScaleInLightmap: 1
  m_PreserveUVs: 0
  m_IgnoreNormalsForChartDetection: 0
  m_ImportantGI: 0
  m_StitchLightmapSeams: 1
  m_SelectedEditorRenderState: 2
  m_MinimumChartSize: 4
  m_AutoUVMaxDistance: 0.5
  m_AutoUVMaxAngle: 89
  m_LightmapParameters: {fileID: 0}
  m_SortingLayerID: 0
  m_SortingLayer: 0
  m_SortingOrder: 0
--- !u!114 &3202692582177621425
MonoBehaviour:
  m_ObjectHideFlags: 0
  m_CorrespondingSourceObject: {fileID: 0}
  m_PrefabInstance: {fileID: 0}
  m_PrefabAsset: {fileID: 0}
  m_GameObject: {fileID: 3202692582177621431}
  m_Enabled: 1
  m_EditorHideFlags: 0
  m_Script: {fileID: 11500000, guid: 8233d90336aea43098adf6dbabd606a2, type: 3}
  m_Name: 
  m_EditorClassIdentifier: 
  m_MeshFormatVersion: 1
  m_Faces:
  - m_Indexes: 000000000100000002000000010000000300000002000000
    m_SmoothingGroup: 0
    m_Uv:
      m_UseWorldSpace: 0
      m_FlipU: 0
      m_FlipV: 0
      m_SwapUV: 0
      m_Fill: 1
      m_Scale: {x: 1, y: 1}
      m_Offset: {x: 0, y: 0}
      m_Rotation: 0
      m_Anchor: 9
    m_Material: {fileID: 0}
    m_SubmeshIndex: 0
    m_ManualUV: 0
    elementGroup: -1
    m_TextureGroup: -1
  - m_Indexes: 040000000500000006000000050000000700000006000000
    m_SmoothingGroup: 0
    m_Uv:
      m_UseWorldSpace: 0
      m_FlipU: 0
      m_FlipV: 0
      m_SwapUV: 0
      m_Fill: 1
      m_Scale: {x: 1, y: 1}
      m_Offset: {x: 0, y: 0}
      m_Rotation: 0
      m_Anchor: 9
    m_Material: {fileID: 0}
    m_SubmeshIndex: 0
    m_ManualUV: 0
    elementGroup: -1
    m_TextureGroup: -1
  - m_Indexes: 08000000090000000a000000090000000b0000000a000000
    m_SmoothingGroup: 0
    m_Uv:
      m_UseWorldSpace: 0
      m_FlipU: 0
      m_FlipV: 0
      m_SwapUV: 0
      m_Fill: 1
      m_Scale: {x: 1, y: 1}
      m_Offset: {x: 0, y: 0}
      m_Rotation: 0
      m_Anchor: 9
    m_Material: {fileID: 0}
    m_SubmeshIndex: 0
    m_ManualUV: 0
    elementGroup: -1
    m_TextureGroup: -1
  - m_Indexes: 0c0000000d0000000e0000000d0000000f0000000e000000
    m_SmoothingGroup: 0
    m_Uv:
      m_UseWorldSpace: 0
      m_FlipU: 0
      m_FlipV: 0
      m_SwapUV: 0
      m_Fill: 1
      m_Scale: {x: 1, y: 1}
      m_Offset: {x: 0, y: 0}
      m_Rotation: 0
      m_Anchor: 9
    m_Material: {fileID: 0}
    m_SubmeshIndex: 0
    m_ManualUV: 0
    elementGroup: -1
    m_TextureGroup: -1
  - m_Indexes: 100000001100000012000000110000001300000012000000
    m_SmoothingGroup: 0
    m_Uv:
      m_UseWorldSpace: 0
      m_FlipU: 0
      m_FlipV: 0
      m_SwapUV: 0
      m_Fill: 1
      m_Scale: {x: 1, y: 1}
      m_Offset: {x: 0, y: 0}
      m_Rotation: 0
      m_Anchor: 9
    m_Material: {fileID: 0}
    m_SubmeshIndex: 0
    m_ManualUV: 0
    elementGroup: -1
    m_TextureGroup: -1
  - m_Indexes: 140000001500000016000000150000001700000016000000
    m_SmoothingGroup: 0
    m_Uv:
      m_UseWorldSpace: 0
      m_FlipU: 0
      m_FlipV: 0
      m_SwapUV: 0
      m_Fill: 1
      m_Scale: {x: 1, y: 1}
      m_Offset: {x: 0, y: 0}
      m_Rotation: 0
      m_Anchor: 9
    m_Material: {fileID: 0}
    m_SubmeshIndex: 0
    m_ManualUV: 0
    elementGroup: -1
    m_TextureGroup: -1
  - m_Indexes: 18000000190000001a000000190000001b0000001a000000
    m_SmoothingGroup: 0
    m_Uv:
      m_UseWorldSpace: 0
      m_FlipU: 0
      m_FlipV: 0
      m_SwapUV: 0
      m_Fill: 1
      m_Scale: {x: 1, y: 1}
      m_Offset: {x: 0, y: 0}
      m_Rotation: 0
      m_Anchor: 9
    m_Material: {fileID: 0}
    m_SubmeshIndex: 0
    m_ManualUV: 0
    elementGroup: -1
    m_TextureGroup: -1
  - m_Indexes: 1c0000001d0000001e0000001d0000001f0000001e000000
    m_SmoothingGroup: 0
    m_Uv:
      m_UseWorldSpace: 0
      m_FlipU: 0
      m_FlipV: 0
      m_SwapUV: 0
      m_Fill: 1
      m_Scale: {x: 1, y: 1}
      m_Offset: {x: 0, y: 0}
      m_Rotation: 0
      m_Anchor: 9
    m_Material: {fileID: 0}
    m_SubmeshIndex: 0
    m_ManualUV: 0
    elementGroup: -1
    m_TextureGroup: -1
  - m_Indexes: 200000002100000022000000210000002300000022000000
    m_SmoothingGroup: 0
    m_Uv:
      m_UseWorldSpace: 0
      m_FlipU: 0
      m_FlipV: 0
      m_SwapUV: 0
      m_Fill: 1
      m_Scale: {x: 1, y: 1}
      m_Offset: {x: 0, y: 0}
      m_Rotation: 0
      m_Anchor: 9
    m_Material: {fileID: 0}
    m_SubmeshIndex: 0
    m_ManualUV: 0
    elementGroup: -1
    m_TextureGroup: -1
  - m_Indexes: 240000002500000026000000250000002700000026000000
    m_SmoothingGroup: 0
    m_Uv:
      m_UseWorldSpace: 0
      m_FlipU: 0
      m_FlipV: 0
      m_SwapUV: 0
      m_Fill: 1
      m_Scale: {x: 1, y: 1}
      m_Offset: {x: 0, y: 0}
      m_Rotation: 0
      m_Anchor: 9
    m_Material: {fileID: 0}
    m_SubmeshIndex: 0
    m_ManualUV: 0
    elementGroup: -1
    m_TextureGroup: -1
  - m_Indexes: 28000000290000002a000000290000002b0000002a000000
    m_SmoothingGroup: 0
    m_Uv:
      m_UseWorldSpace: 0
      m_FlipU: 0
      m_FlipV: 0
      m_SwapUV: 0
      m_Fill: 1
      m_Scale: {x: 1, y: 1}
      m_Offset: {x: 0, y: 0}
      m_Rotation: 0
      m_Anchor: 9
    m_Material: {fileID: 0}
    m_SubmeshIndex: 0
    m_ManualUV: 0
    elementGroup: -1
    m_TextureGroup: -1
  - m_Indexes: 2c0000002d0000002e0000002d0000002f0000002e000000
    m_SmoothingGroup: 0
    m_Uv:
      m_UseWorldSpace: 0
      m_FlipU: 0
      m_FlipV: 0
      m_SwapUV: 0
      m_Fill: 1
      m_Scale: {x: 1, y: 1}
      m_Offset: {x: 0, y: 0}
      m_Rotation: 0
      m_Anchor: 9
    m_Material: {fileID: 0}
    m_SubmeshIndex: 0
    m_ManualUV: 0
    elementGroup: -1
    m_TextureGroup: -1
  - m_Indexes: 300000003100000032000000310000003300000032000000
    m_SmoothingGroup: 0
    m_Uv:
      m_UseWorldSpace: 0
      m_FlipU: 0
      m_FlipV: 0
      m_SwapUV: 0
      m_Fill: 1
      m_Scale: {x: 1, y: 1}
      m_Offset: {x: 0, y: 0}
      m_Rotation: 0
      m_Anchor: 9
    m_Material: {fileID: 0}
    m_SubmeshIndex: 0
    m_ManualUV: 0
    elementGroup: -1
    m_TextureGroup: -1
  - m_Indexes: 340000003500000036000000350000003700000036000000
    m_SmoothingGroup: 0
    m_Uv:
      m_UseWorldSpace: 0
      m_FlipU: 0
      m_FlipV: 0
      m_SwapUV: 0
      m_Fill: 1
      m_Scale: {x: 1, y: 1}
      m_Offset: {x: 0, y: 0}
      m_Rotation: 0
      m_Anchor: 9
    m_Material: {fileID: 0}
    m_SubmeshIndex: 0
    m_ManualUV: 0
    elementGroup: -1
    m_TextureGroup: -1
  - m_Indexes: 38000000390000003a000000390000003b0000003a000000
    m_SmoothingGroup: 0
    m_Uv:
      m_UseWorldSpace: 0
      m_FlipU: 0
      m_FlipV: 0
      m_SwapUV: 0
      m_Fill: 1
      m_Scale: {x: 1, y: 1}
      m_Offset: {x: 0, y: 0}
      m_Rotation: 0
      m_Anchor: 9
    m_Material: {fileID: 0}
    m_SubmeshIndex: 0
    m_ManualUV: 0
    elementGroup: -1
    m_TextureGroup: -1
  - m_Indexes: 3c0000003d0000003e0000003d0000003f0000003e000000
    m_SmoothingGroup: 0
    m_Uv:
      m_UseWorldSpace: 0
      m_FlipU: 0
      m_FlipV: 0
      m_SwapUV: 0
      m_Fill: 1
      m_Scale: {x: 1, y: 1}
      m_Offset: {x: 0, y: 0}
      m_Rotation: 0
      m_Anchor: 9
    m_Material: {fileID: 0}
    m_SubmeshIndex: 0
    m_ManualUV: 0
    elementGroup: -1
    m_TextureGroup: -1
  - m_Indexes: 400000004100000042000000410000004300000042000000
    m_SmoothingGroup: 0
    m_Uv:
      m_UseWorldSpace: 0
      m_FlipU: 0
      m_FlipV: 0
      m_SwapUV: 0
      m_Fill: 1
      m_Scale: {x: 1, y: 1}
      m_Offset: {x: 0, y: 0}
      m_Rotation: 0
      m_Anchor: 9
    m_Material: {fileID: 0}
    m_SubmeshIndex: 0
    m_ManualUV: 0
    elementGroup: -1
    m_TextureGroup: -1
  - m_Indexes: 440000004500000046000000450000004700000046000000
    m_SmoothingGroup: 0
    m_Uv:
      m_UseWorldSpace: 0
      m_FlipU: 0
      m_FlipV: 0
      m_SwapUV: 0
      m_Fill: 1
      m_Scale: {x: 1, y: 1}
      m_Offset: {x: 0, y: 0}
      m_Rotation: 0
      m_Anchor: 9
    m_Material: {fileID: 0}
    m_SubmeshIndex: 0
    m_ManualUV: 0
    elementGroup: -1
    m_TextureGroup: -1
  m_SharedVertices:
  - m_Vertices: 000000000d0000003c00000045000000
  - m_Vertices: 160000003e00000047000000
  - m_Vertices: 01000000040000004100000044000000
  - m_Vertices: 170000004300000046000000
  - m_Vertices: 020000000f000000180000001d000000
  - m_Vertices: 100000002a0000002f000000
  - m_Vertices: 1a0000001f000000280000002d000000
  - m_Vertices: 03000000060000001900000020000000
  - m_Vertices: 110000002b00000032000000
  - m_Vertices: 1b000000220000002900000030000000
  - m_Vertices: 05000000080000003900000040000000
  - m_Vertices: 150000003b00000042000000
  - m_Vertices: 070000000a0000002100000024000000
  - m_Vertices: 130000003300000036000000
  - m_Vertices: 23000000260000003100000034000000
  - m_Vertices: 090000000c000000380000003d000000
  - m_Vertices: 140000003a0000003f000000
  - m_Vertices: 0b0000000e0000001c00000025000000
  - m_Vertices: 120000002e00000037000000
  - m_Vertices: 1e000000270000002c00000035000000
  m_SharedTextures: []
  m_Positions:
  - {x: 0, y: -0.118416786, z: 0}
  - {x: 0.5, y: -0.118416786, z: 0}
  - {x: 0.029999733, y: 0.14604843, z: -0.03000021}
  - {x: 0.47000027, y: 0.14604843, z: -0.03000021}
  - {x: 0.5, y: -0.118416786, z: 0}
  - {x: 0.5, y: -0.118416786, z: -0.5}
  - {x: 0.47000027, y: 0.14604843, z: -0.03000021}
  - {x: 0.47000027, y: 0.14604843, z: -0.47000003}
  - {x: 0.5, y: -0.118416786, z: -0.5}
  - {x: 0, y: -0.118416786, z: -0.5}
  - {x: 0.47000027, y: 0.14604843, z: -0.47000003}
  - {x: 0.029999733, y: 0.14604843, z: -0.47000003}
  - {x: 0, y: -0.118416786, z: -0.5}
  - {x: 0, y: -0.118416786, z: 0}
  - {x: 0.029999733, y: 0.14604843, z: -0.47000003}
  - {x: 0.029999733, y: 0.14604843, z: -0.03000021}
  - {x: 0.08414173, y: 0.22506702, z: -0.08414221}
  - {x: 0.41585827, y: 0.22506702, z: -0.08414221}
  - {x: 0.08414173, y: 0.22506702, z: -0.4158578}
  - {x: 0.41585827, y: 0.22506702, z: -0.4158578}
  - {x: 0, y: -0.559149, z: -0.5}
  - {x: 0.5, y: -0.559149, z: -0.5}
  - {x: 0, y: -0.559149, z: 0}
  - {x: 0.5, y: -0.559149, z: 0}
  - {x: 0.029999733, y: 0.14604843, z: -0.03000021}
  - {x: 0.47000027, y: 0.14604843, z: -0.03000021}
  - {x: 0.08414173, y: 0.14611483, z: -0.08414221}
  - {x: 0.41585827, y: 0.14611483, z: -0.08414221}
  - {x: 0.029999733, y: 0.14604843, z: -0.47000003}
  - {x: 0.029999733, y: 0.14604843, z: -0.03000021}
  - {x: 0.08414173, y: 0.14611483, z: -0.4158578}
  - {x: 0.08414173, y: 0.14611483, z: -0.08414221}
  - {x: 0.47000027, y: 0.14604843, z: -0.03000021}
  - {x: 0.47000027, y: 0.14604843, z: -0.47000003}
  - {x: 0.41585827, y: 0.14611483, z: -0.08414221}
  - {x: 0.41585827, y: 0.14611483, z: -0.4158578}
  - {x: 0.47000027, y: 0.14604843, z: -0.47000003}
  - {x: 0.029999733, y: 0.14604843, z: -0.47000003}
  - {x: 0.41585827, y: 0.14611483, z: -0.4158578}
  - {x: 0.08414173, y: 0.14611483, z: -0.4158578}
  - {x: 0.08414173, y: 0.14611483, z: -0.08414221}
  - {x: 0.41585827, y: 0.14611483, z: -0.08414221}
  - {x: 0.08414173, y: 0.22506702, z: -0.08414221}
  - {x: 0.41585827, y: 0.22506702, z: -0.08414221}
  - {x: 0.08414173, y: 0.14611483, z: -0.4158578}
  - {x: 0.08414173, y: 0.14611483, z: -0.08414221}
  - {x: 0.08414173, y: 0.22506702, z: -0.4158578}
  - {x: 0.08414173, y: 0.22506702, z: -0.08414221}
  - {x: 0.41585827, y: 0.14611483, z: -0.08414221}
  - {x: 0.41585827, y: 0.14611483, z: -0.4158578}
  - {x: 0.41585827, y: 0.22506702, z: -0.08414221}
  - {x: 0.41585827, y: 0.22506702, z: -0.4158578}
  - {x: 0.41585827, y: 0.14611483, z: -0.4158578}
  - {x: 0.08414173, y: 0.14611483, z: -0.4158578}
  - {x: 0.41585827, y: 0.22506702, z: -0.4158578}
  - {x: 0.08414173, y: 0.22506702, z: -0.4158578}
  - {x: 0, y: -0.118416786, z: -0.5}
  - {x: 0.5, y: -0.118416786, z: -0.5}
  - {x: 0, y: -0.559149, z: -0.5}
  - {x: 0.5, y: -0.559149, z: -0.5}
  - {x: 0, y: -0.118416786, z: 0}
  - {x: 0, y: -0.118416786, z: -0.5}
  - {x: 0, y: -0.559149, z: 0}
  - {x: 0, y: -0.559149, z: -0.5}
  - {x: 0.5, y: -0.118416786, z: -0.5}
  - {x: 0.5, y: -0.118416786, z: 0}
  - {x: 0.5, y: -0.559149, z: -0.5}
  - {x: 0.5, y: -0.559149, z: 0}
  - {x: 0.5, y: -0.118416786, z: 0}
  - {x: 0, y: -0.118416786, z: 0}
  - {x: 0.5, y: -0.559149, z: 0}
  - {x: 0, y: -0.559149, z: 0}
  m_Textures0:
  - {x: -0, y: -0.11766217}
  - {x: -0.5, y: -0.11766217}
  - {x: -0.029999733, y: 0.14849918}
  - {x: -0.47000027, y: 0.14849918}
  - {x: 0, y: -0.1740185}
  - {x: -0.5, y: -0.1740185}
  - {x: -0.03000021, y: 0.0921428}
  - {x: -0.47000003, y: 0.0921428}
  - {x: 0.5, y: -0.17401893}
  - {x: 0, y: -0.17401893}
  - {x: 0.47000027, y: 0.092142396}
  - {x: 0.029999733, y: 0.092142396}
  - {x: 0.5, y: -0.11766219}
  - {x: 0, y: -0.11766219}
  - {x: 0.47000003, y: 0.1484991}
  - {x: 0.03000021, y: 0.1484991}
  - {x: 0.08414173, y: -0.08414221}
  - {x: 0.41585827, y: -0.08414221}
  - {x: 0.08414173, y: -0.4158578}
  - {x: 0.41585827, y: -0.4158578}
  - {x: -0, y: -0.5}
  - {x: -0.5, y: -0.5}
  - {x: 0, y: 0}
  - {x: -0.5, y: 0}
  - {x: 0.029999733, y: -0.0301793}
  - {x: 0.47000027, y: -0.0301793}
  - {x: 0.08414173, y: -0.084321335}
  - {x: 0.41585827, y: -0.084321335}
  - {x: 0.030178823, y: -0.47000003}
  - {x: 0.030178823, y: -0.03000021}
  - {x: 0.08432086, y: -0.4158578}
  - {x: 0.08432086, y: -0.08414221}
  - {x: 0.4698208, y: -0.03000021}
  - {x: 0.4698208, y: -0.47000003}
  - {x: 0.41567874, y: -0.08414221}
  - {x: 0.41567874, y: -0.4158578}
  - {x: 0.47000027, y: -0.46982056}
  - {x: 0.029999733, y: -0.46982056}
  - {x: 0.41585827, y: -0.41567826}
  - {x: 0.08414173, y: -0.41567826}
  - {x: -0.08414173, y: 0.14611483}
  - {x: -0.41585827, y: 0.14611483}
  - {x: -0.08414173, y: 0.22506702}
  - {x: -0.41585827, y: 0.22506702}
  - {x: 0.4158578, y: 0.14611483}
  - {x: 0.08414221, y: 0.14611483}
  - {x: 0.4158578, y: 0.22506702}
  - {x: 0.08414221, y: 0.22506702}
  - {x: -0.08414221, y: 0.14611483}
  - {x: -0.4158578, y: 0.14611483}
  - {x: -0.08414221, y: 0.22506702}
  - {x: -0.4158578, y: 0.22506702}
  - {x: 0.41585827, y: 0.14611483}
  - {x: 0.08414173, y: 0.14611483}
  - {x: 0.41585827, y: 0.22506702}
  - {x: 0.08414173, y: 0.22506702}
  - {x: 0, y: -0.118416786}
  - {x: 0.5, y: -0.118416786}
  - {x: 0, y: -0.559149}
  - {x: 0.5, y: -0.559149}
  - {x: 0, y: -0.118416786}
  - {x: 0.5, y: -0.118416786}
  - {x: 0, y: -0.559149}
  - {x: 0.5, y: -0.559149}
  - {x: -0.5, y: -0.118416786}
  - {x: 0, y: -0.118416786}
  - {x: -0.5, y: -0.559149}
  - {x: 0, y: -0.559149}
  - {x: -0.5, y: -0.118416786}
  - {x: 0, y: -0.118416786}
  - {x: -0.5, y: -0.559149}
  - {x: 0, y: -0.559149}
  m_Textures2: []
  m_Textures3: []
  m_Tangents:
  - {x: -1, y: 0, z: 0, w: -1}
  - {x: -1, y: 0, z: 0, w: -1}
  - {x: -1, y: 0, z: 0, w: -1}
  - {x: -1, y: 0, z: 0, w: -1}
  - {x: 0, y: 0, z: 1, w: -1}
  - {x: 0, y: 0, z: 1, w: -1}
  - {x: 0, y: 0, z: 1, w: -1}
  - {x: 0, y: 0, z: 1, w: -1}
  - {x: 1, y: 0, z: 0, w: -1}
  - {x: 1, y: 0, z: 0, w: -1}
  - {x: 1, y: 0, z: 0, w: -1}
  - {x: 1, y: 0, z: 0, w: -1}
  - {x: 0, y: 0, z: -1, w: -1}
  - {x: 0, y: 0, z: -1, w: -1}
  - {x: 0, y: 0, z: -1, w: -1}
  - {x: 0, y: 0, z: -1, w: -1}
  - {x: 1, y: 0, z: 0, w: -1}
  - {x: 1, y: 0, z: 0, w: -1}
  - {x: 1, y: 0, z: 0, w: -1}
  - {x: 1, y: 0, z: 0, w: -1}
  - {x: -1, y: 0, z: 0, w: -1}
  - {x: -1, y: 0, z: 0, w: -1}
  - {x: -1, y: 0, z: 0, w: -1}
  - {x: -1, y: 0, z: 0, w: -1}
  - {x: 1, y: 0, z: 0, w: -1}
  - {x: 1, y: 0, z: 0, w: -1}
  - {x: 1, y: 0, z: 0, w: -1}
  - {x: 1, y: 0, z: 0, w: -1}
  - {x: 0.9999993, y: 0.001226396, z: 0, w: -1}
  - {x: 0.9999993, y: 0.0012263958, z: 0, w: -1}
  - {x: 0.9999993, y: 0.0012263958, z: 0, w: -1}
  - {x: 0.9999992, y: 0.001226396, z: 0, w: -1}
  - {x: 0.9999993, y: -0.0012263961, z: 0, w: -1}
  - {x: 0.9999993, y: -0.001226396, z: 0, w: -1}
  - {x: 0.9999993, y: -0.001226396, z: 0, w: -1}
  - {x: 0.9999993, y: -0.0012263961, z: 0, w: -1}
  - {x: 1, y: 0, z: 0, w: -1}
  - {x: 1, y: 0, z: 0, w: -1}
  - {x: 1, y: 0, z: 0, w: -1}
  - {x: 1, y: 0, z: 0, w: -1}
  - {x: -1, y: 0, z: 0, w: -1}
  - {x: -1, y: 0, z: 0, w: -1}
  - {x: -1, y: 0, z: 0, w: -1}
  - {x: -1, y: 0, z: 0, w: -1}
  - {x: 0, y: 0, z: -1, w: -1}
  - {x: 0, y: 0, z: -1, w: -1}
  - {x: 0, y: 0, z: -1, w: -1}
  - {x: 0, y: 0, z: -1, w: -1}
  - {x: 0, y: 0, z: 1, w: -1}
  - {x: 0, y: 0, z: 1, w: -1}
  - {x: 0, y: 0, z: 1, w: -1}
  - {x: 0, y: 0, z: 1, w: -1}
  - {x: 1, y: 0, z: 0, w: -1}
  - {x: 1, y: 0, z: 0, w: -1}
  - {x: 1, y: 0, z: 0, w: -1}
  - {x: 1, y: 0, z: 0, w: -1}
  - {x: 1, y: 0, z: 0, w: -1}
  - {x: 1, y: 0, z: 0, w: -1}
  - {x: 1, y: 0, z: 0, w: -1}
  - {x: 1, y: 0, z: 0, w: -1}
  - {x: 0, y: 0, z: -1, w: -1}
  - {x: 0, y: 0, z: -1, w: -1}
  - {x: 0, y: 0, z: -1, w: -1}
  - {x: 0, y: 0, z: -1, w: -1}
  - {x: 0, y: 0, z: 1, w: -1}
  - {x: 0, y: 0, z: 1, w: -1}
  - {x: 0, y: 0, z: 1, w: -1}
  - {x: 0, y: 0, z: 1, w: -1}
  - {x: -1, y: 0, z: 0, w: -1}
  - {x: -1, y: 0, z: 0, w: -1}
  - {x: -1, y: 0, z: 0, w: -1}
  - {x: -1, y: 0, z: 0, w: -1}
  m_Colors:
  - {r: 1, g: 0.863, b: 0, a: 1}
  - {r: 1, g: 0.863, b: 0, a: 1}
  - {r: 1, g: 0.863, b: 0, a: 1}
  - {r: 1, g: 0.863, b: 0, a: 1}
  - {r: 1, g: 0.863, b: 0, a: 1}
  - {r: 1, g: 0.863, b: 0, a: 1}
  - {r: 1, g: 0.863, b: 0, a: 1}
  - {r: 1, g: 0.863, b: 0, a: 1}
  - {r: 1, g: 0.863, b: 0, a: 1}
  - {r: 1, g: 0.863, b: 0, a: 1}
  - {r: 1, g: 0.863, b: 0, a: 1}
  - {r: 1, g: 0.863, b: 0, a: 1}
  - {r: 1, g: 0.863, b: 0, a: 1}
  - {r: 1, g: 0.863, b: 0, a: 1}
  - {r: 1, g: 0.863, b: 0, a: 1}
  - {r: 1, g: 0.863, b: 0, a: 1}
  - {r: 1, g: 0.863, b: 0, a: 1}
  - {r: 1, g: 0.863, b: 0, a: 1}
  - {r: 1, g: 0.863, b: 0, a: 1}
  - {r: 1, g: 0.863, b: 0, a: 1}
  - {r: 1, g: 0.863, b: 0, a: 1}
  - {r: 1, g: 0.863, b: 0, a: 1}
  - {r: 1, g: 0.863, b: 0, a: 1}
  - {r: 1, g: 0.863, b: 0, a: 1}
  - {r: 1, g: 0.863, b: 0, a: 1}
  - {r: 1, g: 0.863, b: 0, a: 1}
  - {r: 1, g: 0.863, b: 0, a: 1}
  - {r: 1, g: 0.863, b: 0, a: 1}
  - {r: 1, g: 0.863, b: 0, a: 1}
  - {r: 1, g: 0.863, b: 0, a: 1}
  - {r: 1, g: 0.863, b: 0, a: 1}
  - {r: 1, g: 0.863, b: 0, a: 1}
  - {r: 1, g: 0.863, b: 0, a: 1}
  - {r: 1, g: 0.863, b: 0, a: 1}
  - {r: 1, g: 0.863, b: 0, a: 1}
  - {r: 1, g: 0.863, b: 0, a: 1}
  - {r: 1, g: 0.863, b: 0, a: 1}
  - {r: 1, g: 0.863, b: 0, a: 1}
  - {r: 1, g: 0.863, b: 0, a: 1}
  - {r: 1, g: 0.863, b: 0, a: 1}
  - {r: 1, g: 0.863, b: 0, a: 1}
  - {r: 1, g: 0.863, b: 0, a: 1}
  - {r: 1, g: 0.863, b: 0, a: 1}
  - {r: 1, g: 0.863, b: 0, a: 1}
  - {r: 1, g: 0.863, b: 0, a: 1}
  - {r: 1, g: 0.863, b: 0, a: 1}
  - {r: 1, g: 0.863, b: 0, a: 1}
  - {r: 1, g: 0.863, b: 0, a: 1}
  - {r: 1, g: 0.863, b: 0, a: 1}
  - {r: 1, g: 0.863, b: 0, a: 1}
  - {r: 1, g: 0.863, b: 0, a: 1}
  - {r: 1, g: 0.863, b: 0, a: 1}
  - {r: 1, g: 0.863, b: 0, a: 1}
  - {r: 1, g: 0.863, b: 0, a: 1}
  - {r: 1, g: 0.863, b: 0, a: 1}
  - {r: 1, g: 0.863, b: 0, a: 1}
  - {r: 1, g: 0.863, b: 0, a: 1}
  - {r: 1, g: 0.863, b: 0, a: 1}
  - {r: 1, g: 0.863, b: 0, a: 1}
  - {r: 1, g: 0.863, b: 0, a: 1}
  - {r: 1, g: 0.863, b: 0, a: 1}
  - {r: 1, g: 0.863, b: 0, a: 1}
  - {r: 1, g: 0.863, b: 0, a: 1}
  - {r: 1, g: 0.863, b: 0, a: 1}
  - {r: 1, g: 0.863, b: 0, a: 1}
  - {r: 1, g: 0.863, b: 0, a: 1}
  - {r: 1, g: 0.863, b: 0, a: 1}
  - {r: 1, g: 0.863, b: 0, a: 1}
  - {r: 1, g: 0.863, b: 0, a: 1}
  - {r: 1, g: 0.863, b: 0, a: 1}
  - {r: 1, g: 0.863, b: 0, a: 1}
  - {r: 1, g: 0.863, b: 0, a: 1}
  m_UnwrapParameters:
    m_HardAngle: 88
    m_PackMargin: 20
    m_AngleError: 8
    m_AreaError: 15
  m_PreserveMeshAssetOnDestroy: 0
  assetGuid: 
  m_IsSelectable: 1
  m_SelectedFaces: 05000000
  m_SelectedEdges:
  - a: 20
    b: 21
  - a: 22
    b: 20
  - a: 21
    b: 23
  - a: 23
    b: 22
  m_SelectedVertices: 14000000150000001600000017000000
--- !u!64 &3202692582177621430
MeshCollider:
  m_ObjectHideFlags: 0
  m_CorrespondingSourceObject: {fileID: 0}
  m_PrefabInstance: {fileID: 0}
  m_PrefabAsset: {fileID: 0}
  m_GameObject: {fileID: 3202692582177621431}
  m_Material: {fileID: 0}
  m_IsTrigger: 0
  m_Enabled: 1
  serializedVersion: 3
  m_Convex: 0
  m_CookingOptions: 14
  m_Mesh: {fileID: 0}
--- !u!1 &3202692582388908988
GameObject:
  m_ObjectHideFlags: 0
  m_CorrespondingSourceObject: {fileID: 0}
  m_PrefabInstance: {fileID: 0}
  m_PrefabAsset: {fileID: 0}
  serializedVersion: 6
  m_Component:
  - component: {fileID: 3202692582388908987}
  - component: {fileID: 3202692582388908984}
  - component: {fileID: 3202692582388908985}
  - component: {fileID: 3202692582388908990}
  - component: {fileID: 3202692582388908991}
  m_Layer: 0
  m_Name: Cylinder
  m_TagString: Untagged
  m_Icon: {fileID: 0}
  m_NavMeshLayer: 0
  m_StaticEditorFlags: 0
  m_IsActive: 1
--- !u!4 &3202692582388908987
Transform:
  m_ObjectHideFlags: 0
  m_CorrespondingSourceObject: {fileID: 0}
  m_PrefabInstance: {fileID: 0}
  m_PrefabAsset: {fileID: 0}
  m_GameObject: {fileID: 3202692582388908988}
  m_LocalRotation: {x: -0, y: -0, z: -0, w: 1}
  m_LocalPosition: {x: 0.058000565, y: -0.36199993, z: 0.019000053}
  m_LocalScale: {x: 0.70979816, y: 0.70979816, z: 0.70979816}
  m_Children: []
  m_Father: {fileID: 3202692580830345447}
  m_RootOrder: 2
  m_LocalEulerAnglesHint: {x: 0, y: 0, z: 0}
--- !u!33 &3202692582388908984
MeshFilter:
  m_ObjectHideFlags: 0
  m_CorrespondingSourceObject: {fileID: 0}
  m_PrefabInstance: {fileID: 0}
  m_PrefabAsset: {fileID: 0}
  m_GameObject: {fileID: 3202692582388908988}
  m_Mesh: {fileID: 0}
--- !u!23 &3202692582388908985
MeshRenderer:
  m_ObjectHideFlags: 0
  m_CorrespondingSourceObject: {fileID: 0}
  m_PrefabInstance: {fileID: 0}
  m_PrefabAsset: {fileID: 0}
  m_GameObject: {fileID: 3202692582388908988}
  m_Enabled: 1
  m_CastShadows: 1
  m_ReceiveShadows: 1
  m_DynamicOccludee: 1
  m_MotionVectors: 1
  m_LightProbeUsage: 1
  m_ReflectionProbeUsage: 1
  m_RenderingLayerMask: 1
  m_RendererPriority: 0
  m_Materials:
  - {fileID: 2100000, guid: c22777d6e868e4f2fb421913386b154e, type: 2}
  m_StaticBatchInfo:
    firstSubMesh: 0
    subMeshCount: 0
  m_StaticBatchRoot: {fileID: 0}
  m_ProbeAnchor: {fileID: 0}
  m_LightProbeVolumeOverride: {fileID: 0}
  m_ScaleInLightmap: 1
  m_PreserveUVs: 0
  m_IgnoreNormalsForChartDetection: 0
  m_ImportantGI: 0
  m_StitchLightmapSeams: 1
  m_SelectedEditorRenderState: 2
  m_MinimumChartSize: 4
  m_AutoUVMaxDistance: 0.5
  m_AutoUVMaxAngle: 89
  m_LightmapParameters: {fileID: 0}
  m_SortingLayerID: 0
  m_SortingLayer: 0
  m_SortingOrder: 0
--- !u!114 &3202692582388908990
MonoBehaviour:
  m_ObjectHideFlags: 0
  m_CorrespondingSourceObject: {fileID: 0}
  m_PrefabInstance: {fileID: 0}
  m_PrefabAsset: {fileID: 0}
  m_GameObject: {fileID: 3202692582388908988}
  m_Enabled: 1
  m_EditorHideFlags: 0
  m_Script: {fileID: 11500000, guid: 8233d90336aea43098adf6dbabd606a2, type: 3}
  m_Name: 
  m_EditorClassIdentifier: 
  m_MeshFormatVersion: 1
  m_Faces:
  - m_Indexes: 000000000100000002000000010000000300000002000000
    m_SmoothingGroup: 1
    m_Uv:
      m_UseWorldSpace: 0
      m_FlipU: 0
      m_FlipV: 0
      m_SwapUV: 0
      m_Fill: 1
      m_Scale: {x: 1, y: 1}
      m_Offset: {x: 0, y: 0}
      m_Rotation: 0
      m_Anchor: 9
    m_Material: {fileID: 0}
    m_SubmeshIndex: 0
    m_ManualUV: 0
    elementGroup: -1
    m_TextureGroup: -1
  - m_Indexes: 040000000500000006000000050000000700000006000000
    m_SmoothingGroup: 1
    m_Uv:
      m_UseWorldSpace: 0
      m_FlipU: 0
      m_FlipV: 0
      m_SwapUV: 0
      m_Fill: 1
      m_Scale: {x: 1, y: 1}
      m_Offset: {x: 0, y: 0}
      m_Rotation: 0
      m_Anchor: 9
    m_Material: {fileID: 0}
    m_SubmeshIndex: 0
    m_ManualUV: 0
    elementGroup: -1
    m_TextureGroup: -1
  - m_Indexes: 08000000090000000a000000090000000b0000000a000000
    m_SmoothingGroup: 1
    m_Uv:
      m_UseWorldSpace: 0
      m_FlipU: 0
      m_FlipV: 0
      m_SwapUV: 0
      m_Fill: 1
      m_Scale: {x: 1, y: 1}
      m_Offset: {x: 0, y: 0}
      m_Rotation: 0
      m_Anchor: 9
    m_Material: {fileID: 0}
    m_SubmeshIndex: 0
    m_ManualUV: 0
    elementGroup: -1
    m_TextureGroup: -1
  - m_Indexes: 0c0000000d0000000e0000000d0000000f0000000e000000
    m_SmoothingGroup: 1
    m_Uv:
      m_UseWorldSpace: 0
      m_FlipU: 0
      m_FlipV: 0
      m_SwapUV: 0
      m_Fill: 1
      m_Scale: {x: 1, y: 1}
      m_Offset: {x: 0, y: 0}
      m_Rotation: 0
      m_Anchor: 9
    m_Material: {fileID: 0}
    m_SubmeshIndex: 0
    m_ManualUV: 0
    elementGroup: -1
    m_TextureGroup: -1
  - m_Indexes: 100000001100000012000000110000001300000012000000
    m_SmoothingGroup: 1
    m_Uv:
      m_UseWorldSpace: 0
      m_FlipU: 0
      m_FlipV: 0
      m_SwapUV: 0
      m_Fill: 1
      m_Scale: {x: 1, y: 1}
      m_Offset: {x: 0, y: 0}
      m_Rotation: 0
      m_Anchor: 9
    m_Material: {fileID: 0}
    m_SubmeshIndex: 0
    m_ManualUV: 0
    elementGroup: -1
    m_TextureGroup: -1
  - m_Indexes: 140000001500000016000000150000001700000016000000
    m_SmoothingGroup: 1
    m_Uv:
      m_UseWorldSpace: 0
      m_FlipU: 0
      m_FlipV: 0
      m_SwapUV: 0
      m_Fill: 1
      m_Scale: {x: 1, y: 1}
      m_Offset: {x: 0, y: 0}
      m_Rotation: 0
      m_Anchor: 9
    m_Material: {fileID: 0}
    m_SubmeshIndex: 0
    m_ManualUV: 0
    elementGroup: -1
    m_TextureGroup: -1
  - m_Indexes: 18000000190000001a000000190000001b0000001a000000
    m_SmoothingGroup: 1
    m_Uv:
      m_UseWorldSpace: 0
      m_FlipU: 0
      m_FlipV: 0
      m_SwapUV: 0
      m_Fill: 1
      m_Scale: {x: 1, y: 1}
      m_Offset: {x: 0, y: 0}
      m_Rotation: 0
      m_Anchor: 9
    m_Material: {fileID: 0}
    m_SubmeshIndex: 0
    m_ManualUV: 0
    elementGroup: -1
    m_TextureGroup: -1
  - m_Indexes: 1c0000001d0000001e0000001d0000001f0000001e000000
    m_SmoothingGroup: 1
    m_Uv:
      m_UseWorldSpace: 0
      m_FlipU: 0
      m_FlipV: 0
      m_SwapUV: 0
      m_Fill: 1
      m_Scale: {x: 1, y: 1}
      m_Offset: {x: 0, y: 0}
      m_Rotation: 0
      m_Anchor: 9
    m_Material: {fileID: 0}
    m_SubmeshIndex: 0
    m_ManualUV: 0
    elementGroup: -1
    m_TextureGroup: -1
  - m_Indexes: 220000002100000020000000
    m_SmoothingGroup: 0
    m_Uv:
      m_UseWorldSpace: 0
      m_FlipU: 0
      m_FlipV: 0
      m_SwapUV: 0
      m_Fill: 1
      m_Scale: {x: 1, y: 1}
      m_Offset: {x: 0, y: 0}
      m_Rotation: 0
      m_Anchor: 9
    m_Material: {fileID: 2100000, guid: c22777d6e868e4f2fb421913386b154e, type: 2}
    m_SubmeshIndex: 0
    m_ManualUV: 0
    elementGroup: 0
    m_TextureGroup: -1
  - m_Indexes: 280000002700000026000000
    m_SmoothingGroup: 0
    m_Uv:
      m_UseWorldSpace: 0
      m_FlipU: 0
      m_FlipV: 0
      m_SwapUV: 0
      m_Fill: 1
      m_Scale: {x: 1, y: 1}
      m_Offset: {x: 0, y: 0}
      m_Rotation: 0
      m_Anchor: 9
    m_Material: {fileID: 2100000, guid: c22777d6e868e4f2fb421913386b154e, type: 2}
    m_SubmeshIndex: 0
    m_ManualUV: 0
    elementGroup: 0
    m_TextureGroup: -1
  - m_Indexes: 2e0000002d0000002c000000
    m_SmoothingGroup: 0
    m_Uv:
      m_UseWorldSpace: 0
      m_FlipU: 0
      m_FlipV: 0
      m_SwapUV: 0
      m_Fill: 1
      m_Scale: {x: 1, y: 1}
      m_Offset: {x: 0, y: 0}
      m_Rotation: 0
      m_Anchor: 9
    m_Material: {fileID: 2100000, guid: c22777d6e868e4f2fb421913386b154e, type: 2}
    m_SubmeshIndex: 0
    m_ManualUV: 0
    elementGroup: 0
    m_TextureGroup: -1
  - m_Indexes: 340000003300000032000000
    m_SmoothingGroup: 0
    m_Uv:
      m_UseWorldSpace: 0
      m_FlipU: 0
      m_FlipV: 0
      m_SwapUV: 0
      m_Fill: 1
      m_Scale: {x: 1, y: 1}
      m_Offset: {x: 0, y: 0}
      m_Rotation: 0
      m_Anchor: 9
    m_Material: {fileID: 2100000, guid: c22777d6e868e4f2fb421913386b154e, type: 2}
    m_SubmeshIndex: 0
    m_ManualUV: 0
    elementGroup: 0
    m_TextureGroup: -1
  - m_Indexes: 3a0000003900000038000000
    m_SmoothingGroup: 0
    m_Uv:
      m_UseWorldSpace: 0
      m_FlipU: 0
      m_FlipV: 0
      m_SwapUV: 0
      m_Fill: 1
      m_Scale: {x: 1, y: 1}
      m_Offset: {x: 0, y: 0}
      m_Rotation: 0
      m_Anchor: 9
    m_Material: {fileID: 2100000, guid: c22777d6e868e4f2fb421913386b154e, type: 2}
    m_SubmeshIndex: 0
    m_ManualUV: 0
    elementGroup: 0
    m_TextureGroup: -1
  - m_Indexes: 400000003f0000003e000000
    m_SmoothingGroup: 0
    m_Uv:
      m_UseWorldSpace: 0
      m_FlipU: 0
      m_FlipV: 0
      m_SwapUV: 0
      m_Fill: 1
      m_Scale: {x: 1, y: 1}
      m_Offset: {x: 0, y: 0}
      m_Rotation: 0
      m_Anchor: 9
    m_Material: {fileID: 2100000, guid: c22777d6e868e4f2fb421913386b154e, type: 2}
    m_SubmeshIndex: 0
    m_ManualUV: 0
    elementGroup: 0
    m_TextureGroup: -1
  - m_Indexes: 460000004500000044000000
    m_SmoothingGroup: 0
    m_Uv:
      m_UseWorldSpace: 0
      m_FlipU: 0
      m_FlipV: 0
      m_SwapUV: 0
      m_Fill: 1
      m_Scale: {x: 1, y: 1}
      m_Offset: {x: 0, y: 0}
      m_Rotation: 0
      m_Anchor: 9
    m_Material: {fileID: 2100000, guid: c22777d6e868e4f2fb421913386b154e, type: 2}
    m_SubmeshIndex: 0
    m_ManualUV: 0
    elementGroup: 0
    m_TextureGroup: -1
  - m_Indexes: 4c0000004b0000004a000000
    m_SmoothingGroup: 0
    m_Uv:
      m_UseWorldSpace: 0
      m_FlipU: 0
      m_FlipV: 0
      m_SwapUV: 0
      m_Fill: 1
      m_Scale: {x: 1, y: 1}
      m_Offset: {x: 0, y: 0}
      m_Rotation: 0
      m_Anchor: 9
    m_Material: {fileID: 2100000, guid: c22777d6e868e4f2fb421913386b154e, type: 2}
    m_SubmeshIndex: 0
    m_ManualUV: 0
    elementGroup: 0
    m_TextureGroup: -1
  - m_Indexes: 230000002400000025000000
    m_SmoothingGroup: 0
    m_Uv:
      m_UseWorldSpace: 0
      m_FlipU: 0
      m_FlipV: 0
      m_SwapUV: 0
      m_Fill: 1
      m_Scale: {x: 1, y: 1}
      m_Offset: {x: 0, y: 0}
      m_Rotation: 0
      m_Anchor: 9
    m_Material: {fileID: 2100000, guid: c22777d6e868e4f2fb421913386b154e, type: 2}
    m_SubmeshIndex: 0
    m_ManualUV: 0
    elementGroup: 0
    m_TextureGroup: -1
  - m_Indexes: 290000002a0000002b000000
    m_SmoothingGroup: 0
    m_Uv:
      m_UseWorldSpace: 0
      m_FlipU: 0
      m_FlipV: 0
      m_SwapUV: 0
      m_Fill: 1
      m_Scale: {x: 1, y: 1}
      m_Offset: {x: 0, y: 0}
      m_Rotation: 0
      m_Anchor: 9
    m_Material: {fileID: 2100000, guid: c22777d6e868e4f2fb421913386b154e, type: 2}
    m_SubmeshIndex: 0
    m_ManualUV: 0
    elementGroup: 0
    m_TextureGroup: -1
  - m_Indexes: 2f0000003000000031000000
    m_SmoothingGroup: 0
    m_Uv:
      m_UseWorldSpace: 0
      m_FlipU: 0
      m_FlipV: 0
      m_SwapUV: 0
      m_Fill: 1
      m_Scale: {x: 1, y: 1}
      m_Offset: {x: 0, y: 0}
      m_Rotation: 0
      m_Anchor: 9
    m_Material: {fileID: 2100000, guid: c22777d6e868e4f2fb421913386b154e, type: 2}
    m_SubmeshIndex: 0
    m_ManualUV: 0
    elementGroup: 0
    m_TextureGroup: -1
  - m_Indexes: 350000003600000037000000
    m_SmoothingGroup: 0
    m_Uv:
      m_UseWorldSpace: 0
      m_FlipU: 0
      m_FlipV: 0
      m_SwapUV: 0
      m_Fill: 1
      m_Scale: {x: 1, y: 1}
      m_Offset: {x: 0, y: 0}
      m_Rotation: 0
      m_Anchor: 9
    m_Material: {fileID: 2100000, guid: c22777d6e868e4f2fb421913386b154e, type: 2}
    m_SubmeshIndex: 0
    m_ManualUV: 0
    elementGroup: 0
    m_TextureGroup: -1
  - m_Indexes: 3b0000003c0000003d000000
    m_SmoothingGroup: 0
    m_Uv:
      m_UseWorldSpace: 0
      m_FlipU: 0
      m_FlipV: 0
      m_SwapUV: 0
      m_Fill: 1
      m_Scale: {x: 1, y: 1}
      m_Offset: {x: 0, y: 0}
      m_Rotation: 0
      m_Anchor: 9
    m_Material: {fileID: 2100000, guid: c22777d6e868e4f2fb421913386b154e, type: 2}
    m_SubmeshIndex: 0
    m_ManualUV: 0
    elementGroup: 0
    m_TextureGroup: -1
  - m_Indexes: 410000004200000043000000
    m_SmoothingGroup: 0
    m_Uv:
      m_UseWorldSpace: 0
      m_FlipU: 0
      m_FlipV: 0
      m_SwapUV: 0
      m_Fill: 1
      m_Scale: {x: 1, y: 1}
      m_Offset: {x: 0, y: 0}
      m_Rotation: 0
      m_Anchor: 9
    m_Material: {fileID: 2100000, guid: c22777d6e868e4f2fb421913386b154e, type: 2}
    m_SubmeshIndex: 0
    m_ManualUV: 0
    elementGroup: 0
    m_TextureGroup: -1
  - m_Indexes: 470000004800000049000000
    m_SmoothingGroup: 0
    m_Uv:
      m_UseWorldSpace: 0
      m_FlipU: 0
      m_FlipV: 0
      m_SwapUV: 0
      m_Fill: 1
      m_Scale: {x: 1, y: 1}
      m_Offset: {x: 0, y: 0}
      m_Rotation: 0
      m_Anchor: 9
    m_Material: {fileID: 2100000, guid: c22777d6e868e4f2fb421913386b154e, type: 2}
    m_SubmeshIndex: 0
    m_ManualUV: 0
    elementGroup: 0
    m_TextureGroup: -1
  - m_Indexes: 4d0000004e0000004f000000
    m_SmoothingGroup: 0
    m_Uv:
      m_UseWorldSpace: 0
      m_FlipU: 0
      m_FlipV: 0
      m_SwapUV: 0
      m_Fill: 1
      m_Scale: {x: 1, y: 1}
      m_Offset: {x: 0, y: 0}
      m_Rotation: 0
      m_Anchor: 9
    m_Material: {fileID: 2100000, guid: c22777d6e868e4f2fb421913386b154e, type: 2}
    m_SubmeshIndex: 0
    m_ManualUV: 0
    elementGroup: 0
    m_TextureGroup: -1
  m_SharedVertices:
  - m_Vertices: 000000001e000000200000004c000000
  - m_Vertices: 010000001f000000230000004f000000
  - m_Vertices: 02000000040000002200000026000000
  - m_Vertices: 03000000050000002500000029000000
  - m_Vertices: 0600000008000000280000002c000000
  - m_Vertices: 07000000090000002b0000002f000000
  - m_Vertices: 0a0000000c0000002e00000032000000
  - m_Vertices: 0b0000000d0000003100000035000000
  - m_Vertices: 0e000000100000003400000038000000
  - m_Vertices: 0f00000011000000370000003b000000
  - m_Vertices: 12000000140000003a0000003e000000
  - m_Vertices: 13000000150000003d00000041000000
  - m_Vertices: 16000000180000004000000044000000
  - m_Vertices: 17000000190000004300000047000000
  - m_Vertices: 1a0000001c000000460000004a000000
  - m_Vertices: 1b0000001d000000490000004d000000
  - m_Vertices: 21000000270000002d00000033000000390000003f000000450000004b000000
  - m_Vertices: 240000002a00000030000000360000003c00000042000000480000004e000000
  m_SharedTextures: []
  m_Positions:
  - {x: 0, y: 0, z: 0}
  - {x: 0, y: 1, z: 0}
  - {x: -0.02928932, y: 0, z: 0.07071068}
  - {x: -0.02928932, y: 1, z: 0.07071068}
  - {x: -0.02928932, y: 0, z: 0.07071068}
  - {x: -0.02928932, y: 1, z: 0.07071068}
  - {x: -0.10000001, y: 0, z: 0.1}
  - {x: -0.10000001, y: 1, z: 0.1}
  - {x: -0.10000001, y: 0, z: 0.1}
  - {x: -0.10000001, y: 1, z: 0.1}
  - {x: -0.17071068, y: 0, z: 0.07071068}
  - {x: -0.17071068, y: 1, z: 0.07071068}
  - {x: -0.17071068, y: 0, z: 0.07071068}
  - {x: -0.17071068, y: 1, z: 0.07071068}
  - {x: -0.2, y: 0, z: -0.000000008742278}
  - {x: -0.2, y: 1, z: -0.000000008742278}
  - {x: -0.2, y: 0, z: -0.000000008742278}
  - {x: -0.2, y: 1, z: -0.000000008742278}
  - {x: -0.17071068, y: 0, z: -0.070710674}
  - {x: -0.17071068, y: 1, z: -0.070710674}
  - {x: -0.17071068, y: 0, z: -0.070710674}
  - {x: -0.17071068, y: 1, z: -0.070710674}
  - {x: -0.1, y: 0, z: -0.1}
  - {x: -0.1, y: 1, z: -0.1}
  - {x: -0.1, y: 0, z: -0.1}
  - {x: -0.1, y: 1, z: -0.1}
  - {x: -0.029289335, y: 0, z: -0.07071069}
  - {x: -0.029289335, y: 1, z: -0.07071069}
  - {x: -0.029289335, y: 0, z: -0.07071069}
  - {x: -0.029289335, y: 1, z: -0.07071069}
  - {x: 0, y: 0, z: 0}
  - {x: 0, y: 1, z: 0}
  - {x: 0, y: 0, z: 0}
  - {x: -0.1, y: 0, z: 0}
  - {x: -0.02928932, y: 0, z: 0.07071068}
  - {x: 0, y: 1, z: 0}
  - {x: -0.1, y: 1, z: 0}
  - {x: -0.02928932, y: 1, z: 0.07071068}
  - {x: -0.02928932, y: 0, z: 0.07071068}
  - {x: -0.1, y: 0, z: 0}
  - {x: -0.10000001, y: 0, z: 0.1}
  - {x: -0.02928932, y: 1, z: 0.07071068}
  - {x: -0.1, y: 1, z: 0}
  - {x: -0.10000001, y: 1, z: 0.1}
  - {x: -0.10000001, y: 0, z: 0.1}
  - {x: -0.1, y: 0, z: 0}
  - {x: -0.17071068, y: 0, z: 0.07071068}
  - {x: -0.10000001, y: 1, z: 0.1}
  - {x: -0.1, y: 1, z: 0}
  - {x: -0.17071068, y: 1, z: 0.07071068}
  - {x: -0.17071068, y: 0, z: 0.07071068}
  - {x: -0.1, y: 0, z: 0}
  - {x: -0.2, y: 0, z: -0.000000008742278}
  - {x: -0.17071068, y: 1, z: 0.07071068}
  - {x: -0.1, y: 1, z: 0}
  - {x: -0.2, y: 1, z: -0.000000008742278}
  - {x: -0.2, y: 0, z: -0.000000008742278}
  - {x: -0.1, y: 0, z: 0}
  - {x: -0.17071068, y: 0, z: -0.070710674}
  - {x: -0.2, y: 1, z: -0.000000008742278}
  - {x: -0.1, y: 1, z: 0}
  - {x: -0.17071068, y: 1, z: -0.070710674}
  - {x: -0.17071068, y: 0, z: -0.070710674}
  - {x: -0.1, y: 0, z: 0}
  - {x: -0.1, y: 0, z: -0.1}
  - {x: -0.17071068, y: 1, z: -0.070710674}
  - {x: -0.1, y: 1, z: 0}
  - {x: -0.1, y: 1, z: -0.1}
  - {x: -0.1, y: 0, z: -0.1}
  - {x: -0.1, y: 0, z: 0}
  - {x: -0.029289335, y: 0, z: -0.07071069}
  - {x: -0.1, y: 1, z: -0.1}
  - {x: -0.1, y: 1, z: 0}
  - {x: -0.029289335, y: 1, z: -0.07071069}
  - {x: -0.029289335, y: 0, z: -0.07071069}
  - {x: -0.1, y: 0, z: 0}
  - {x: 0, y: 0, z: 0}
  - {x: -0.029289335, y: 1, z: -0.07071069}
  - {x: -0.1, y: 1, z: 0}
  - {x: 0, y: 1, z: 0}
  m_Textures0:
  - {x: 0, y: 0}
  - {x: 0, y: 1}
  - {x: 0.07653669, y: 0}
  - {x: 0.07653669, y: 1}
  - {x: 0.05411961, y: 0}
  - {x: 0.05411961, y: 1}
  - {x: 0.1306563, y: 0}
  - {x: 0.1306563, y: 1}
  - {x: 0.054119617, y: 0}
  - {x: 0.054119617, y: 1}
  - {x: 0.1306563, y: 0}
  - {x: 0.1306563, y: 1}
  - {x: -0.000000018859428, y: 0}
  - {x: -0.000000018859428, y: 1}
  - {x: 0.076536685, y: 0}
  - {x: 0.076536685, y: 1}
  - {x: -0.076536685, y: 0}
  - {x: -0.076536685, y: 1}
  - {x: -0.000000011716105, y: 0}
  - {x: -0.000000011716105, y: 1}
  - {x: -0.13065629, y: 0}
  - {x: -0.13065629, y: 1}
  - {x: -0.0541196, y: 0}
  - {x: -0.0541196, y: 1}
  - {x: -0.1306563, y: 0}
  - {x: -0.1306563, y: 1}
  - {x: -0.054119624, y: 0}
  - {x: -0.054119624, y: 1}
  - {x: -0.0765367, y: 0}
  - {x: -0.0765367, y: 1}
  - {x: 0, y: 0}
  - {x: 0, y: 1}
  - {x: 0, y: 0}
  - {x: 0.1, y: 0}
  - {x: 0.02928932, y: 0.07071068}
  - {x: 0, y: 0}
  - {x: -0.1, y: 0}
  - {x: -0.02928932, y: 0.07071068}
  - {x: 0.02928932, y: 0.07071068}
  - {x: 0.1, y: 0}
  - {x: 0.10000001, y: 0.1}
  - {x: -0.02928932, y: 0.07071068}
  - {x: -0.1, y: 0}
  - {x: -0.10000001, y: 0.1}
  - {x: 0.10000001, y: 0.1}
  - {x: 0.1, y: 0}
  - {x: 0.17071068, y: 0.07071068}
  - {x: -0.10000001, y: 0.1}
  - {x: -0.1, y: 0}
  - {x: -0.17071068, y: 0.07071068}
  - {x: 0.17071068, y: 0.07071068}
  - {x: 0.1, y: 0}
  - {x: 0.2, y: -0.000000008742278}
  - {x: -0.17071068, y: 0.07071068}
  - {x: -0.1, y: 0}
  - {x: -0.2, y: -0.000000008742278}
  - {x: 0.2, y: -0.000000008742278}
  - {x: 0.1, y: 0}
  - {x: 0.17071068, y: -0.070710674}
  - {x: -0.2, y: -0.000000008742278}
  - {x: -0.1, y: 0}
  - {x: -0.17071068, y: -0.070710674}
  - {x: 0.17071068, y: -0.070710674}
  - {x: 0.1, y: 0}
  - {x: 0.1, y: -0.1}
  - {x: -0.17071068, y: -0.070710674}
  - {x: -0.1, y: 0}
  - {x: -0.1, y: -0.1}
  - {x: 0.1, y: -0.1}
  - {x: 0.1, y: 0}
  - {x: 0.029289335, y: -0.07071069}
  - {x: -0.1, y: -0.1}
  - {x: -0.1, y: 0}
  - {x: -0.029289335, y: -0.07071069}
  - {x: 0.029289335, y: -0.07071069}
  - {x: 0.1, y: 0}
  - {x: 0, y: 0}
  - {x: -0.029289335, y: -0.07071069}
  - {x: -0.1, y: 0}
  - {x: 0, y: 0}
  m_Textures2: []
  m_Textures3: []
  m_Tangents:
  - {x: 0.0000000645156, y: 0, z: 1, w: -1}
  - {x: 0.0000000645156, y: 0, z: 1, w: -1}
  - {x: -0.7071068, y: 0, z: 0.70710677, w: -1}
  - {x: -0.7071068, y: 0, z: 0.70710677, w: -1}
  - {x: -0.7071068, y: 0, z: 0.7071067, w: -1}
  - {x: -0.7071068, y: 0, z: 0.7071067, w: -1}
  - {x: -1, y: 0, z: -0.000000032257798, w: -1}
  - {x: -1, y: 0, z: -0.000000032257798, w: -1}
  - {x: -1, y: 0, z: -0.0000000322578, w: -1}
  - {x: -1, y: 0, z: -0.0000000322578, w: -1}
  - {x: -0.70710677, y: 0, z: -0.70710677, w: -1}
  - {x: -0.70710677, y: 0, z: -0.70710677, w: -1}
  - {x: -0.7071067, y: 0, z: -0.7071068, w: -1}
  - {x: -0.7071067, y: 0, z: -0.7071068, w: -1}
  - {x: 0.000000032257805, y: 0, z: -1, w: -1}
  - {x: 0.000000032257805, y: 0, z: -1, w: -1}
  - {x: 0.000000064515596, y: 0, z: -1, w: -1}
  - {x: 0.000000064515596, y: 0, z: -1, w: -1}
  - {x: 0.7071068, y: 0, z: -0.7071068, w: -1}
  - {x: 0.7071068, y: 0, z: -0.7071068, w: -1}
  - {x: 0.7071068, y: 0, z: -0.7071068, w: -1}
  - {x: 0.7071068, y: 0, z: -0.7071068, w: -1}
  - {x: 1, y: 0, z: -0.000000064515596, w: -1}
  - {x: 1, y: 0, z: -0.000000064515596, w: -1}
  - {x: 1, y: 0, z: -0.000000032257805, w: -1}
  - {x: 1, y: 0, z: -0.000000032257805, w: -1}
  - {x: 0.7071068, y: 0, z: 0.7071067, w: -1}
  - {x: 0.7071068, y: 0, z: 0.7071067, w: -1}
  - {x: 0.7071068, y: 0, z: 0.7071067, w: -1}
  - {x: 0.7071068, y: 0, z: 0.7071067, w: -1}
  - {x: 0.0000000645156, y: 0, z: 1, w: -1}
  - {x: 0.0000000645156, y: 0, z: 1, w: -1}
  - {x: -1, y: 0, z: 0, w: -1}
  - {x: -1, y: 0, z: 0, w: -1}
  - {x: -1, y: 0, z: 0, w: -1}
  - {x: 1, y: 0, z: 0, w: -1}
  - {x: 1, y: 0, z: 0, w: -1}
  - {x: 1, y: 0, z: 0, w: -1}
  - {x: -1, y: 0, z: 0, w: -1}
  - {x: -1, y: 0, z: 0, w: -1}
  - {x: -1, y: 0, z: 0, w: -1}
  - {x: 1, y: 0, z: 0, w: -1}
  - {x: 1, y: 0, z: 0, w: -1}
  - {x: 1, y: 0, z: 0, w: -1}
  - {x: -1, y: 0, z: 0, w: -1}
  - {x: -1, y: 0, z: 0, w: -1}
  - {x: -1, y: 0, z: 0, w: -1}
  - {x: 1, y: 0, z: 0, w: -1}
  - {x: 1, y: 0, z: 0, w: -1}
  - {x: 1, y: 0, z: 0, w: -1}
  - {x: -1, y: 0, z: 0, w: -1}
  - {x: -1, y: 0, z: 0, w: -1}
  - {x: -1, y: 0, z: 0, w: -1}
  - {x: 1, y: 0, z: 0, w: -1}
  - {x: 1, y: 0, z: 0, w: -1}
  - {x: 1, y: 0, z: 0, w: -1}
  - {x: -1, y: 0, z: 0, w: -1}
  - {x: -1, y: 0, z: 0, w: -1}
  - {x: -1, y: 0, z: 0, w: -1}
  - {x: 1, y: 0, z: 0, w: -1}
  - {x: 1, y: 0, z: 0, w: -1}
  - {x: 1, y: 0, z: 0, w: -1}
  - {x: -1, y: 0, z: 0, w: -1}
  - {x: -1, y: 0, z: 0, w: -1}
  - {x: -1, y: 0, z: 0, w: -1}
  - {x: 1, y: 0, z: 0, w: -1}
  - {x: 1, y: 0, z: 0, w: -1}
  - {x: 1, y: 0, z: 0, w: -1}
  - {x: -1, y: 0, z: 0, w: -1}
  - {x: -1, y: 0, z: 0, w: -1}
  - {x: -1, y: 0, z: 0, w: -1}
  - {x: 1, y: 0, z: 0, w: -1}
  - {x: 1, y: 0, z: 0, w: -1}
  - {x: 1, y: 0, z: 0, w: -1}
  - {x: -1, y: 0, z: 0, w: -1}
  - {x: -1, y: 0, z: 0, w: -1}
  - {x: -1, y: 0, z: 0, w: -1}
  - {x: 1, y: 0, z: 0, w: -1}
  - {x: 1, y: 0, z: 0, w: -1}
  - {x: 1, y: 0, z: 0, w: -1}
  m_Colors:
  - {r: 1, g: 0.863, b: 0, a: 1}
  - {r: 1, g: 0.863, b: 0, a: 1}
  - {r: 1, g: 0.863, b: 0, a: 1}
  - {r: 1, g: 0.863, b: 0, a: 1}
  - {r: 1, g: 0.863, b: 0, a: 1}
  - {r: 1, g: 0.863, b: 0, a: 1}
  - {r: 1, g: 0.863, b: 0, a: 1}
  - {r: 1, g: 0.863, b: 0, a: 1}
  - {r: 1, g: 0.863, b: 0, a: 1}
  - {r: 1, g: 0.863, b: 0, a: 1}
  - {r: 1, g: 0.863, b: 0, a: 1}
  - {r: 1, g: 0.863, b: 0, a: 1}
  - {r: 1, g: 0.863, b: 0, a: 1}
  - {r: 1, g: 0.863, b: 0, a: 1}
  - {r: 1, g: 0.863, b: 0, a: 1}
  - {r: 1, g: 0.863, b: 0, a: 1}
  - {r: 1, g: 0.863, b: 0, a: 1}
  - {r: 1, g: 0.863, b: 0, a: 1}
  - {r: 1, g: 0.863, b: 0, a: 1}
  - {r: 1, g: 0.863, b: 0, a: 1}
  - {r: 1, g: 0.863, b: 0, a: 1}
  - {r: 1, g: 0.863, b: 0, a: 1}
  - {r: 1, g: 0.863, b: 0, a: 1}
  - {r: 1, g: 0.863, b: 0, a: 1}
  - {r: 1, g: 0.863, b: 0, a: 1}
  - {r: 1, g: 0.863, b: 0, a: 1}
  - {r: 1, g: 0.863, b: 0, a: 1}
  - {r: 1, g: 0.863, b: 0, a: 1}
  - {r: 1, g: 0.863, b: 0, a: 1}
  - {r: 1, g: 0.863, b: 0, a: 1}
  - {r: 1, g: 0.863, b: 0, a: 1}
  - {r: 1, g: 0.863, b: 0, a: 1}
  - {r: 1, g: 0.863, b: 0, a: 1}
  - {r: 1, g: 0.863, b: 0, a: 1}
  - {r: 1, g: 0.863, b: 0, a: 1}
  - {r: 1, g: 0.863, b: 0, a: 1}
  - {r: 1, g: 0.863, b: 0, a: 1}
  - {r: 1, g: 0.863, b: 0, a: 1}
  - {r: 1, g: 0.863, b: 0, a: 1}
  - {r: 1, g: 0.863, b: 0, a: 1}
  - {r: 1, g: 0.863, b: 0, a: 1}
  - {r: 1, g: 0.863, b: 0, a: 1}
  - {r: 1, g: 0.863, b: 0, a: 1}
  - {r: 1, g: 0.863, b: 0, a: 1}
  - {r: 1, g: 0.863, b: 0, a: 1}
  - {r: 1, g: 0.863, b: 0, a: 1}
  - {r: 1, g: 0.863, b: 0, a: 1}
  - {r: 1, g: 0.863, b: 0, a: 1}
  - {r: 1, g: 0.863, b: 0, a: 1}
  - {r: 1, g: 0.863, b: 0, a: 1}
  - {r: 1, g: 0.863, b: 0, a: 1}
  - {r: 1, g: 0.863, b: 0, a: 1}
  - {r: 1, g: 0.863, b: 0, a: 1}
  - {r: 1, g: 0.863, b: 0, a: 1}
  - {r: 1, g: 0.863, b: 0, a: 1}
  - {r: 1, g: 0.863, b: 0, a: 1}
  - {r: 1, g: 0.863, b: 0, a: 1}
  - {r: 1, g: 0.863, b: 0, a: 1}
  - {r: 1, g: 0.863, b: 0, a: 1}
  - {r: 1, g: 0.863, b: 0, a: 1}
  - {r: 1, g: 0.863, b: 0, a: 1}
  - {r: 1, g: 0.863, b: 0, a: 1}
  - {r: 1, g: 0.863, b: 0, a: 1}
  - {r: 1, g: 0.863, b: 0, a: 1}
  - {r: 1, g: 0.863, b: 0, a: 1}
  - {r: 1, g: 0.863, b: 0, a: 1}
  - {r: 1, g: 0.863, b: 0, a: 1}
  - {r: 1, g: 0.863, b: 0, a: 1}
  - {r: 1, g: 0.863, b: 0, a: 1}
  - {r: 1, g: 0.863, b: 0, a: 1}
  - {r: 1, g: 0.863, b: 0, a: 1}
  - {r: 1, g: 0.863, b: 0, a: 1}
  - {r: 1, g: 0.863, b: 0, a: 1}
  - {r: 1, g: 0.863, b: 0, a: 1}
  - {r: 1, g: 0.863, b: 0, a: 1}
  - {r: 1, g: 0.863, b: 0, a: 1}
  - {r: 1, g: 0.863, b: 0, a: 1}
  - {r: 1, g: 0.863, b: 0, a: 1}
  - {r: 1, g: 0.863, b: 0, a: 1}
  - {r: 1, g: 0.863, b: 0, a: 1}
  m_UnwrapParameters:
    m_HardAngle: 88
    m_PackMargin: 20
    m_AngleError: 8
    m_AreaError: 15
  m_PreserveMeshAssetOnDestroy: 0
  assetGuid: 
  m_IsSelectable: 1
  m_SelectedFaces: 
  m_SelectedEdges: []
  m_SelectedVertices: 
--- !u!64 &3202692582388908991
MeshCollider:
  m_ObjectHideFlags: 0
  m_CorrespondingSourceObject: {fileID: 0}
  m_PrefabInstance: {fileID: 0}
  m_PrefabAsset: {fileID: 0}
  m_GameObject: {fileID: 3202692582388908988}
  m_Material: {fileID: 0}
  m_IsTrigger: 0
  m_Enabled: 1
  serializedVersion: 3
  m_Convex: 0
  m_CookingOptions: 14
  m_Mesh: {fileID: 0}
--- !u!1 &6177347745021515458
GameObject:
  m_ObjectHideFlags: 0
  m_CorrespondingSourceObject: {fileID: 0}
  m_PrefabInstance: {fileID: 0}
  m_PrefabAsset: {fileID: 0}
  serializedVersion: 6
  m_Component:
  - component: {fileID: 9122710723174374588}
  - component: {fileID: 901281604287078092}
  m_Layer: 0
  m_Name: Point Light
  m_TagString: Untagged
  m_Icon: {fileID: 0}
  m_NavMeshLayer: 0
  m_StaticEditorFlags: 0
  m_IsActive: 1
--- !u!4 &9122710723174374588
Transform:
  m_ObjectHideFlags: 0
  m_CorrespondingSourceObject: {fileID: 0}
  m_PrefabInstance: {fileID: 0}
  m_PrefabAsset: {fileID: 0}
  m_GameObject: {fileID: 6177347745021515458}
  m_LocalRotation: {x: -0, y: -0, z: -0, w: 1}
  m_LocalPosition: {x: 0.38, y: 0.341, z: -0.307}
  m_LocalScale: {x: 1, y: 1, z: 1}
  m_Children: []
  m_Father: {fileID: 3202692580830345447}
  m_RootOrder: 3
  m_LocalEulerAnglesHint: {x: 0, y: 0, z: 0}
--- !u!108 &901281604287078092
Light:
  m_ObjectHideFlags: 0
  m_CorrespondingSourceObject: {fileID: 0}
  m_PrefabInstance: {fileID: 0}
  m_PrefabAsset: {fileID: 0}
  m_GameObject: {fileID: 6177347745021515458}
  m_Enabled: 1
  serializedVersion: 9
  m_Type: 2
  m_Color: {r: 0.9811321, g: 0.65412176, b: 0, a: 1}
  m_Intensity: 2
  m_Range: 3.5
  m_SpotAngle: 30
  m_InnerSpotAngle: 21.80208
  m_CookieSize: 10
  m_Shadows:
    m_Type: 0
    m_Resolution: -1
    m_CustomResolution: -1
    m_Strength: 1
    m_Bias: 0.05
    m_NormalBias: 0.4
    m_NearPlane: 0.2
    m_CullingMatrixOverride:
      e00: 1
      e01: 0
      e02: 0
      e03: 0
      e10: 0
      e11: 1
      e12: 0
      e13: 0
      e20: 0
      e21: 0
      e22: 1
      e23: 0
      e30: 0
      e31: 0
      e32: 0
      e33: 1
    m_UseCullingMatrixOverride: 0
  m_Cookie: {fileID: 0}
  m_DrawHalo: 0
  m_Flare: {fileID: 0}
  m_RenderMode: 0
  m_CullingMask:
    serializedVersion: 2
    m_Bits: 4294967295
  m_RenderingLayerMask: 1
  m_Lightmapping: 4
  m_LightShadowCasterMode: 0
  m_AreaSize: {x: 1, y: 1}
  m_BounceIntensity: 1
  m_ColorTemperature: 6570
  m_UseColorTemperature: 0
  m_BoundingSphereOverride: {x: 0, y: 0, z: 0, w: 0}
  m_UseBoundingSphereOverride: 0
  m_ShadowRadius: 0
  m_ShadowAngle: 0
