%YAML 1.1
%TAG !u! tag:unity3d.com,2011:
--- !u!1 &3340438220470471222
GameObject:
  m_ObjectHideFlags: 0
  m_CorrespondingSourceObject: {fileID: 0}
  m_PrefabInstance: {fileID: 0}
  m_PrefabAsset: {fileID: 0}
  serializedVersion: 6
  m_Component:
  - component: {fileID: 3340438220470471371}
  - component: {fileID: 3340438220470471370}
  - component: {fileID: 3340438220470471221}
  - component: {fileID: 3340438220470471220}
  - component: {fileID: 3340438220470471223}
  m_Layer: 0
  m_Name: fir-tree 1
  m_TagString: Untagged
  m_Icon: {fileID: 0}
  m_NavMeshLayer: 0
  m_StaticEditorFlags: 0
  m_IsActive: 1
--- !u!4 &3340438220470471371
Transform:
  m_ObjectHideFlags: 0
  m_CorrespondingSourceObject: {fileID: 0}
  m_PrefabInstance: {fileID: 0}
  m_PrefabAsset: {fileID: 0}
  m_GameObject: {fileID: 3340438220470471222}
  m_LocalRotation: {x: 0, y: 0, z: 0, w: 1}
  m_LocalPosition: {x: 54.802, y: 1.94, z: 35.14}
  m_LocalScale: {x: 0.7543373, y: 0.7543373, z: 0.7543373}
  m_Children: []
  m_Father: {fileID: 0}
  m_RootOrder: 0
  m_LocalEulerAnglesHint: {x: 0, y: 0, z: 0}
--- !u!33 &3340438220470471370
MeshFilter:
  m_ObjectHideFlags: 0
  m_CorrespondingSourceObject: {fileID: 0}
  m_PrefabInstance: {fileID: 0}
  m_PrefabAsset: {fileID: 0}
  m_GameObject: {fileID: 3340438220470471222}
  m_Mesh: {fileID: 0}
--- !u!23 &3340438220470471221
MeshRenderer:
  m_ObjectHideFlags: 0
  m_CorrespondingSourceObject: {fileID: 0}
  m_PrefabInstance: {fileID: 0}
  m_PrefabAsset: {fileID: 0}
  m_GameObject: {fileID: 3340438220470471222}
  m_Enabled: 1
  m_CastShadows: 1
  m_ReceiveShadows: 1
  m_DynamicOccludee: 1
  m_MotionVectors: 1
  m_LightProbeUsage: 1
  m_ReflectionProbeUsage: 1
  m_RenderingLayerMask: 1
  m_RendererPriority: 0
  m_Materials:
  - {fileID: 2100000, guid: c22777d6e868e4f2fb421913386b154e, type: 2}
  m_StaticBatchInfo:
    firstSubMesh: 0
    subMeshCount: 0
  m_StaticBatchRoot: {fileID: 0}
  m_ProbeAnchor: {fileID: 0}
  m_LightProbeVolumeOverride: {fileID: 0}
  m_ScaleInLightmap: 1
  m_PreserveUVs: 0
  m_IgnoreNormalsForChartDetection: 0
  m_ImportantGI: 0
  m_StitchLightmapSeams: 1
  m_SelectedEditorRenderState: 2
  m_MinimumChartSize: 4
  m_AutoUVMaxDistance: 0.5
  m_AutoUVMaxAngle: 89
  m_LightmapParameters: {fileID: 0}
  m_SortingLayerID: 0
  m_SortingLayer: 0
  m_SortingOrder: 0
--- !u!114 &3340438220470471220
MonoBehaviour:
  m_ObjectHideFlags: 0
  m_CorrespondingSourceObject: {fileID: 0}
  m_PrefabInstance: {fileID: 0}
  m_PrefabAsset: {fileID: 0}
  m_GameObject: {fileID: 3340438220470471222}
  m_Enabled: 1
  m_EditorHideFlags: 0
  m_Script: {fileID: 11500000, guid: 8233d90336aea43098adf6dbabd606a2, type: 3}
  m_Name: 
  m_EditorClassIdentifier: 
  m_MeshFormatVersion: 1
  m_Faces:
  - m_Indexes: 000000000100000002000000
    m_SmoothingGroup: 0
    m_Uv:
      m_UseWorldSpace: 0
      m_FlipU: 0
      m_FlipV: 0
      m_SwapUV: 0
      m_Fill: 1
      m_Scale: {x: 1, y: 1}
      m_Offset: {x: 0, y: 0}
      m_Rotation: 0
      m_Anchor: 9
    m_Material: {fileID: 2100000, guid: c22777d6e868e4f2fb421913386b154e, type: 2}
    m_SubmeshIndex: 0
    m_ManualUV: 0
    elementGroup: 0
    m_TextureGroup: -1
  - m_Indexes: 030000000400000005000000
    m_SmoothingGroup: 0
    m_Uv:
      m_UseWorldSpace: 0
      m_FlipU: 0
      m_FlipV: 0
      m_SwapUV: 0
      m_Fill: 1
      m_Scale: {x: 1, y: 1}
      m_Offset: {x: 0, y: 0}
      m_Rotation: 0
      m_Anchor: 9
    m_Material: {fileID: 2100000, guid: c22777d6e868e4f2fb421913386b154e, type: 2}
    m_SubmeshIndex: 0
    m_ManualUV: 0
    elementGroup: 0
    m_TextureGroup: -1
  - m_Indexes: 060000000700000008000000
    m_SmoothingGroup: 0
    m_Uv:
      m_UseWorldSpace: 0
      m_FlipU: 0
      m_FlipV: 0
      m_SwapUV: 0
      m_Fill: 1
      m_Scale: {x: 1, y: 1}
      m_Offset: {x: 0, y: 0}
      m_Rotation: 0
      m_Anchor: 9
    m_Material: {fileID: 2100000, guid: c22777d6e868e4f2fb421913386b154e, type: 2}
    m_SubmeshIndex: 0
    m_ManualUV: 0
    elementGroup: 0
    m_TextureGroup: -1
  - m_Indexes: 090000000a0000000b000000
    m_SmoothingGroup: 0
    m_Uv:
      m_UseWorldSpace: 0
      m_FlipU: 0
      m_FlipV: 0
      m_SwapUV: 0
      m_Fill: 1
      m_Scale: {x: 1, y: 1}
      m_Offset: {x: 0, y: 0}
      m_Rotation: 0
      m_Anchor: 9
    m_Material: {fileID: 2100000, guid: c22777d6e868e4f2fb421913386b154e, type: 2}
    m_SubmeshIndex: 0
    m_ManualUV: 0
    elementGroup: 0
    m_TextureGroup: -1
  - m_Indexes: 0c0000000d0000000e000000
    m_SmoothingGroup: 0
    m_Uv:
      m_UseWorldSpace: 0
      m_FlipU: 0
      m_FlipV: 0
      m_SwapUV: 0
      m_Fill: 1
      m_Scale: {x: 1, y: 1}
      m_Offset: {x: 0, y: 0}
      m_Rotation: 0
      m_Anchor: 9
    m_Material: {fileID: 2100000, guid: c22777d6e868e4f2fb421913386b154e, type: 2}
    m_SubmeshIndex: 0
    m_ManualUV: 0
    elementGroup: 0
    m_TextureGroup: -1
  - m_Indexes: 0f0000001000000011000000
    m_SmoothingGroup: 0
    m_Uv:
      m_UseWorldSpace: 0
      m_FlipU: 0
      m_FlipV: 0
      m_SwapUV: 0
      m_Fill: 1
      m_Scale: {x: 1, y: 1}
      m_Offset: {x: 0, y: 0}
      m_Rotation: 0
      m_Anchor: 9
    m_Material: {fileID: 2100000, guid: c22777d6e868e4f2fb421913386b154e, type: 2}
    m_SubmeshIndex: 0
    m_ManualUV: 0
    elementGroup: 0
    m_TextureGroup: -1
  - m_Indexes: 120000001300000014000000
    m_SmoothingGroup: 0
    m_Uv:
      m_UseWorldSpace: 0
      m_FlipU: 0
      m_FlipV: 0
      m_SwapUV: 0
      m_Fill: 1
      m_Scale: {x: 1, y: 1}
      m_Offset: {x: 0, y: 0}
      m_Rotation: 0
      m_Anchor: 9
    m_Material: {fileID: 2100000, guid: c22777d6e868e4f2fb421913386b154e, type: 2}
    m_SubmeshIndex: 0
    m_ManualUV: 0
    elementGroup: 0
    m_TextureGroup: -1
  - m_Indexes: 150000001600000017000000160000001800000017000000
    m_SmoothingGroup: 0
    m_Uv:
      m_UseWorldSpace: 0
      m_FlipU: 0
      m_FlipV: 0
      m_SwapUV: 0
      m_Fill: 1
      m_Scale: {x: 1, y: 1}
      m_Offset: {x: 0, y: 0}
      m_Rotation: 0
      m_Anchor: 9
    m_Material: {fileID: 0}
    m_SubmeshIndex: 0
    m_ManualUV: 0
    elementGroup: -1
    m_TextureGroup: -1
  - m_Indexes: 190000001a0000001b0000001a0000001c0000001b000000
    m_SmoothingGroup: 0
    m_Uv:
      m_UseWorldSpace: 0
      m_FlipU: 0
      m_FlipV: 0
      m_SwapUV: 0
      m_Fill: 1
      m_Scale: {x: 1, y: 1}
      m_Offset: {x: 0, y: 0}
      m_Rotation: 0
      m_Anchor: 9
    m_Material: {fileID: 0}
    m_SubmeshIndex: 0
    m_ManualUV: 0
    elementGroup: -1
    m_TextureGroup: -1
  - m_Indexes: 1d0000001e0000001f0000001e000000200000001f000000
    m_SmoothingGroup: 0
    m_Uv:
      m_UseWorldSpace: 0
      m_FlipU: 0
      m_FlipV: 0
      m_SwapUV: 0
      m_Fill: 1
      m_Scale: {x: 1, y: 1}
      m_Offset: {x: 0, y: 0}
      m_Rotation: 0
      m_Anchor: 9
    m_Material: {fileID: 0}
    m_SubmeshIndex: 0
    m_ManualUV: 0
    elementGroup: -1
    m_TextureGroup: -1
  - m_Indexes: 210000002200000023000000220000002400000023000000
    m_SmoothingGroup: 0
    m_Uv:
      m_UseWorldSpace: 0
      m_FlipU: 0
      m_FlipV: 0
      m_SwapUV: 0
      m_Fill: 1
      m_Scale: {x: 1, y: 1}
      m_Offset: {x: 0, y: 0}
      m_Rotation: 0
      m_Anchor: 9
    m_Material: {fileID: 0}
    m_SubmeshIndex: 0
    m_ManualUV: 0
    elementGroup: -1
    m_TextureGroup: -1
  - m_Indexes: 250000002600000027000000260000002800000027000000
    m_SmoothingGroup: 0
    m_Uv:
      m_UseWorldSpace: 0
      m_FlipU: 0
      m_FlipV: 0
      m_SwapUV: 0
      m_Fill: 1
      m_Scale: {x: 1, y: 1}
      m_Offset: {x: 0, y: 0}
      m_Rotation: 0
      m_Anchor: 9
    m_Material: {fileID: 0}
    m_SubmeshIndex: 0
    m_ManualUV: 0
    elementGroup: -1
    m_TextureGroup: -1
  - m_Indexes: 290000002a0000002b0000002a0000002c0000002b000000
    m_SmoothingGroup: 0
    m_Uv:
      m_UseWorldSpace: 0
      m_FlipU: 0
      m_FlipV: 0
      m_SwapUV: 0
      m_Fill: 1
      m_Scale: {x: 1, y: 1}
      m_Offset: {x: 0, y: 0}
      m_Rotation: 0
      m_Anchor: 9
    m_Material: {fileID: 0}
    m_SubmeshIndex: 0
    m_ManualUV: 0
    elementGroup: -1
    m_TextureGroup: -1
  - m_Indexes: 2d0000002e0000002f0000002e000000300000002f000000
    m_SmoothingGroup: 0
    m_Uv:
      m_UseWorldSpace: 0
      m_FlipU: 0
      m_FlipV: 0
      m_SwapUV: 0
      m_Fill: 1
      m_Scale: {x: 1, y: 1}
      m_Offset: {x: 0, y: 0}
      m_Rotation: 0
      m_Anchor: 9
    m_Material: {fileID: 0}
    m_SubmeshIndex: 0
    m_ManualUV: 0
    elementGroup: -1
    m_TextureGroup: -1
  - m_Indexes: 310000003200000033000000320000003400000033000000
    m_SmoothingGroup: 0
    m_Uv:
      m_UseWorldSpace: 0
      m_FlipU: 0
      m_FlipV: 0
      m_SwapUV: 0
      m_Fill: 1
      m_Scale: {x: 1, y: 1}
      m_Offset: {x: 0, y: 0}
      m_Rotation: 0
      m_Anchor: 9
    m_Material: {fileID: 0}
    m_SubmeshIndex: 0
    m_ManualUV: 0
    elementGroup: -1
    m_TextureGroup: -1
  - m_Indexes: 350000003600000037000000360000003800000037000000
    m_SmoothingGroup: 0
    m_Uv:
      m_UseWorldSpace: 0
      m_FlipU: 0
      m_FlipV: 0
      m_SwapUV: 0
      m_Fill: 1
      m_Scale: {x: 1, y: 1}
      m_Offset: {x: 0, y: 0}
      m_Rotation: 0
      m_Anchor: 9
    m_Material: {fileID: 0}
    m_SubmeshIndex: 0
    m_ManualUV: 0
    elementGroup: -1
    m_TextureGroup: -1
  - m_Indexes: 390000003a0000003b0000003a0000003c0000003b000000
    m_SmoothingGroup: 0
    m_Uv:
      m_UseWorldSpace: 0
      m_FlipU: 0
      m_FlipV: 0
      m_SwapUV: 0
      m_Fill: 1
      m_Scale: {x: 1, y: 1}
      m_Offset: {x: 0, y: 0}
      m_Rotation: 0
      m_Anchor: 9
    m_Material: {fileID: 0}
    m_SubmeshIndex: 0
    m_ManualUV: 0
    elementGroup: -1
    m_TextureGroup: -1
  - m_Indexes: 3d0000003e0000003f0000003e000000400000003f000000
    m_SmoothingGroup: 0
    m_Uv:
      m_UseWorldSpace: 0
      m_FlipU: 0
      m_FlipV: 0
      m_SwapUV: 0
      m_Fill: 1
      m_Scale: {x: 1, y: 1}
      m_Offset: {x: 0, y: 0}
      m_Rotation: 0
      m_Anchor: 9
    m_Material: {fileID: 0}
    m_SubmeshIndex: 0
    m_ManualUV: 0
    elementGroup: -1
    m_TextureGroup: -1
  - m_Indexes: 410000004200000043000000420000004400000043000000
    m_SmoothingGroup: 0
    m_Uv:
      m_UseWorldSpace: 0
      m_FlipU: 0
      m_FlipV: 0
      m_SwapUV: 0
      m_Fill: 1
      m_Scale: {x: 1, y: 1}
      m_Offset: {x: 0, y: 0}
      m_Rotation: 0
      m_Anchor: 9
    m_Material: {fileID: 0}
    m_SubmeshIndex: 0
    m_ManualUV: 0
    elementGroup: -1
    m_TextureGroup: -1
  - m_Indexes: 450000004600000047000000460000004800000047000000
    m_SmoothingGroup: 0
    m_Uv:
      m_UseWorldSpace: 0
      m_FlipU: 0
      m_FlipV: 0
      m_SwapUV: 0
      m_Fill: 1
      m_Scale: {x: 1, y: 1}
      m_Offset: {x: 0, y: 0}
      m_Rotation: 0
      m_Anchor: 9
    m_Material: {fileID: 0}
    m_SubmeshIndex: 0
    m_ManualUV: 0
    elementGroup: -1
    m_TextureGroup: -1
  - m_Indexes: 490000004a0000004b0000004a0000004c0000004b000000
    m_SmoothingGroup: 0
    m_Uv:
      m_UseWorldSpace: 0
      m_FlipU: 0
      m_FlipV: 0
      m_SwapUV: 0
      m_Fill: 1
      m_Scale: {x: 1, y: 1}
      m_Offset: {x: 0, y: 0}
      m_Rotation: 0
      m_Anchor: 9
    m_Material: {fileID: 0}
    m_SubmeshIndex: 0
    m_ManualUV: 0
    elementGroup: -1
    m_TextureGroup: -1
  - m_Indexes: 4d0000004e0000004f000000
    m_SmoothingGroup: 0
    m_Uv:
      m_UseWorldSpace: 0
      m_FlipU: 0
      m_FlipV: 0
      m_SwapUV: 0
      m_Fill: 1
      m_Scale: {x: 1, y: 1}
      m_Offset: {x: 0, y: 0}
      m_Rotation: 0
      m_Anchor: 9
    m_Material: {fileID: 2100000, guid: c22777d6e868e4f2fb421913386b154e, type: 2}
    m_SubmeshIndex: 0
    m_ManualUV: 0
    elementGroup: 0
    m_TextureGroup: 1
  - m_Indexes: 510000005300000050000000510000005200000053000000
    m_SmoothingGroup: 0
    m_Uv:
      m_UseWorldSpace: 0
      m_FlipU: 0
      m_FlipV: 0
      m_SwapUV: 0
      m_Fill: 1
      m_Scale: {x: 1, y: 1}
      m_Offset: {x: 0, y: 0}
      m_Rotation: 0
      m_Anchor: 9
    m_Material: {fileID: 2100000, guid: c22777d6e868e4f2fb421913386b154e, type: 2}
    m_SubmeshIndex: 0
    m_ManualUV: 0
    elementGroup: 0
    m_TextureGroup: 1
  - m_Indexes: 540000005500000056000000
    m_SmoothingGroup: 0
    m_Uv:
      m_UseWorldSpace: 0
      m_FlipU: 0
      m_FlipV: 0
      m_SwapUV: 0
      m_Fill: 1
      m_Scale: {x: 1, y: 1}
      m_Offset: {x: 0, y: 0}
      m_Rotation: 0
      m_Anchor: 9
    m_Material: {fileID: 2100000, guid: c22777d6e868e4f2fb421913386b154e, type: 2}
    m_SubmeshIndex: 0
    m_ManualUV: 0
    elementGroup: 0
    m_TextureGroup: 2
  - m_Indexes: 580000005a0000005700000058000000590000005a000000
    m_SmoothingGroup: 0
    m_Uv:
      m_UseWorldSpace: 0
      m_FlipU: 0
      m_FlipV: 0
      m_SwapUV: 0
      m_Fill: 1
      m_Scale: {x: 1, y: 1}
      m_Offset: {x: 0, y: 0}
      m_Rotation: 0
      m_Anchor: 9
    m_Material: {fileID: 2100000, guid: c22777d6e868e4f2fb421913386b154e, type: 2}
    m_SubmeshIndex: 0
    m_ManualUV: 0
    elementGroup: 0
    m_TextureGroup: 2
  - m_Indexes: 5b0000005c0000005d000000
    m_SmoothingGroup: 0
    m_Uv:
      m_UseWorldSpace: 0
      m_FlipU: 0
      m_FlipV: 0
      m_SwapUV: 0
      m_Fill: 1
      m_Scale: {x: 1, y: 1}
      m_Offset: {x: 0, y: 0}
      m_Rotation: 0
      m_Anchor: 9
    m_Material: {fileID: 2100000, guid: c22777d6e868e4f2fb421913386b154e, type: 2}
    m_SubmeshIndex: 0
    m_ManualUV: 0
    elementGroup: 0
    m_TextureGroup: 3
  - m_Indexes: 5f000000610000005e0000005f0000006000000061000000
    m_SmoothingGroup: 0
    m_Uv:
      m_UseWorldSpace: 0
      m_FlipU: 0
      m_FlipV: 0
      m_SwapUV: 0
      m_Fill: 1
      m_Scale: {x: 1, y: 1}
      m_Offset: {x: 0, y: 0}
      m_Rotation: 0
      m_Anchor: 9
    m_Material: {fileID: 2100000, guid: c22777d6e868e4f2fb421913386b154e, type: 2}
    m_SubmeshIndex: 0
    m_ManualUV: 0
    elementGroup: 0
    m_TextureGroup: 3
  - m_Indexes: 620000006300000064000000
    m_SmoothingGroup: 0
    m_Uv:
      m_UseWorldSpace: 0
      m_FlipU: 0
      m_FlipV: 0
      m_SwapUV: 0
      m_Fill: 1
      m_Scale: {x: 1, y: 1}
      m_Offset: {x: 0, y: 0}
      m_Rotation: 0
      m_Anchor: 9
    m_Material: {fileID: 2100000, guid: c22777d6e868e4f2fb421913386b154e, type: 2}
    m_SubmeshIndex: 0
    m_ManualUV: 0
    elementGroup: 0
    m_TextureGroup: 4
  - m_Indexes: 650000006600000067000000680000006500000067000000
    m_SmoothingGroup: 0
    m_Uv:
      m_UseWorldSpace: 0
      m_FlipU: 0
      m_FlipV: 0
      m_SwapUV: 0
      m_Fill: 1
      m_Scale: {x: 1, y: 1}
      m_Offset: {x: 0, y: 0}
      m_Rotation: 0
      m_Anchor: 9
    m_Material: {fileID: 2100000, guid: c22777d6e868e4f2fb421913386b154e, type: 2}
    m_SubmeshIndex: 0
    m_ManualUV: 0
    elementGroup: 0
    m_TextureGroup: 4
  - m_Indexes: 690000006a0000006b000000
    m_SmoothingGroup: 0
    m_Uv:
      m_UseWorldSpace: 0
      m_FlipU: 0
      m_FlipV: 0
      m_SwapUV: 0
      m_Fill: 1
      m_Scale: {x: 1, y: 1}
      m_Offset: {x: 0, y: 0}
      m_Rotation: 0
      m_Anchor: 9
    m_Material: {fileID: 2100000, guid: c22777d6e868e4f2fb421913386b154e, type: 2}
    m_SubmeshIndex: 0
    m_ManualUV: 0
    elementGroup: 0
    m_TextureGroup: 5
  - m_Indexes: 6c0000006d0000006e0000006f0000006c0000006e000000
    m_SmoothingGroup: 0
    m_Uv:
      m_UseWorldSpace: 0
      m_FlipU: 0
      m_FlipV: 0
      m_SwapUV: 0
      m_Fill: 1
      m_Scale: {x: 1, y: 1}
      m_Offset: {x: 0, y: 0}
      m_Rotation: 0
      m_Anchor: 9
    m_Material: {fileID: 2100000, guid: c22777d6e868e4f2fb421913386b154e, type: 2}
    m_SubmeshIndex: 0
    m_ManualUV: 0
    elementGroup: 0
    m_TextureGroup: 5
  - m_Indexes: 700000007100000072000000
    m_SmoothingGroup: 0
    m_Uv:
      m_UseWorldSpace: 0
      m_FlipU: 0
      m_FlipV: 0
      m_SwapUV: 0
      m_Fill: 1
      m_Scale: {x: 1, y: 1}
      m_Offset: {x: 0, y: 0}
      m_Rotation: 0
      m_Anchor: 9
    m_Material: {fileID: 2100000, guid: c22777d6e868e4f2fb421913386b154e, type: 2}
    m_SubmeshIndex: 0
    m_ManualUV: 0
    elementGroup: 0
    m_TextureGroup: 6
  - m_Indexes: 750000007300000074000000760000007300000075000000
    m_SmoothingGroup: 0
    m_Uv:
      m_UseWorldSpace: 0
      m_FlipU: 0
      m_FlipV: 0
      m_SwapUV: 0
      m_Fill: 1
      m_Scale: {x: 1, y: 1}
      m_Offset: {x: 0, y: 0}
      m_Rotation: 0
      m_Anchor: 9
    m_Material: {fileID: 2100000, guid: c22777d6e868e4f2fb421913386b154e, type: 2}
    m_SubmeshIndex: 0
    m_ManualUV: 0
    elementGroup: 0
    m_TextureGroup: 6
  - m_Indexes: 770000007800000079000000
    m_SmoothingGroup: 0
    m_Uv:
      m_UseWorldSpace: 0
      m_FlipU: 0
      m_FlipV: 0
      m_SwapUV: 0
      m_Fill: 1
      m_Scale: {x: 1, y: 1}
      m_Offset: {x: 0, y: 0}
      m_Rotation: 0
      m_Anchor: 9
    m_Material: {fileID: 2100000, guid: c22777d6e868e4f2fb421913386b154e, type: 2}
    m_SubmeshIndex: 0
    m_ManualUV: 0
    elementGroup: 0
    m_TextureGroup: 7
  - m_Indexes: 7c0000007a0000007b0000007c0000007d0000007a000000
    m_SmoothingGroup: 0
    m_Uv:
      m_UseWorldSpace: 0
      m_FlipU: 0
      m_FlipV: 0
      m_SwapUV: 0
      m_Fill: 1
      m_Scale: {x: 1, y: 1}
      m_Offset: {x: 0, y: 0}
      m_Rotation: 0
      m_Anchor: 9
    m_Material: {fileID: 2100000, guid: c22777d6e868e4f2fb421913386b154e, type: 2}
    m_SubmeshIndex: 0
    m_ManualUV: 0
    elementGroup: 0
    m_TextureGroup: 7
  m_SharedVertices:
  - m_Vertices: 00000000130000004000000043000000
  - m_Vertices: 01000000030000004400000047000000
  - m_Vertices: 0200000005000000080000000b0000000e0000001100000014000000
  - m_Vertices: 0400000006000000480000004b000000
  - m_Vertices: 0700000009000000330000004c000000
  - m_Vertices: 0a0000000c000000340000003b000000
  - m_Vertices: 0d0000000f000000370000003c000000
  - m_Vertices: 1000000012000000380000003f000000
  - m_Vertices: 150000002e0000005f00000067000000
  - m_Vertices: 160000001d000000660000006e000000
  - m_Vertices: 1700000030000000310000004a000000
  - m_Vertices: 180000001f0000003200000039000000
  - m_Vertices: 190000001e0000006d00000075000000
  - m_Vertices: 1a00000021000000740000007c000000
  - m_Vertices: 1b00000020000000350000003a000000
  - m_Vertices: 1c00000023000000360000003d000000
  - m_Vertices: 2200000025000000520000007b000000
  - m_Vertices: 24000000270000003e00000041000000
  - m_Vertices: 26000000290000005100000059000000
  - m_Vertices: 280000002b0000004200000045000000
  - m_Vertices: 2a0000002d0000005800000060000000
  - m_Vertices: 2c0000002f0000004600000049000000
  - m_Vertices: 4d000000540000005b00000062000000690000007000000077000000
  - m_Vertices: 4e00000050000000560000005a000000
  - m_Vertices: 4f00000053000000780000007a000000
  - m_Vertices: 55000000570000005d00000061000000
  - m_Vertices: 5c0000005e0000006400000068000000
  - m_Vertices: 63000000650000006b0000006f000000
  - m_Vertices: 6a0000006c0000007200000076000000
  - m_Vertices: 7100000073000000790000007d000000
  m_SharedTextures: []
  m_Positions:
  - {x: -0.7253418, y: -0.52983105, z: 0}
  - {x: -0.8145256, y: -0.52983105, z: 0.18519211}
  - {x: -0.9622116, y: -0.52983105, z: 0}
  - {x: -0.8145256, y: -0.52983105, z: 0.18519211}
  - {x: -1.0149193, y: -0.52983105, z: 0.23093414}
  - {x: -0.9622116, y: -0.52983105, z: 0}
  - {x: -1.0149193, y: -0.52983105, z: 0.23093414}
  - {x: -1.1756287, y: -0.52983105, z: 0.10277176}
  - {x: -0.9622116, y: -0.52983105, z: 0}
  - {x: -1.1756287, y: -0.52983105, z: 0.10277176}
  - {x: -1.1756287, y: -0.52983105, z: -0.10277176}
  - {x: -0.9622116, y: -0.52983105, z: 0}
  - {x: -1.1756287, y: -0.52983105, z: -0.10277176}
  - {x: -1.0149269, y: -0.52983105, z: -0.23093414}
  - {x: -0.9622116, y: -0.52983105, z: 0}
  - {x: -1.0149269, y: -0.52983105, z: -0.23093414}
  - {x: -0.8145256, y: -0.52983105, z: -0.18519211}
  - {x: -0.9622116, y: -0.52983105, z: 0}
  - {x: -0.8145256, y: -0.52983105, z: -0.18519211}
  - {x: -0.7253418, y: -0.52983105, z: 0}
  - {x: -0.9622116, y: -0.52983105, z: 0}
  - {x: -1.5692558, y: 0, z: 0.28245926}
  - {x: -1.5692558, y: 0, z: -0.28245926}
  - {x: -1.1320534, y: -0.000029325485, z: 0.08288193}
  - {x: -1.1320534, y: -0.000029325485, z: -0.08288193}
  - {x: -1.1275826, y: 0, z: -0.6346855}
  - {x: -0.5768242, y: 0, z: -0.508976}
  - {x: -1.0024529, y: -0.000029325485, z: -0.18623734}
  - {x: -0.8408394, y: -0.000029325485, z: -0.14934921}
  - {x: -1.5692558, y: 0, z: -0.28245926}
  - {x: -1.1275826, y: 0, z: -0.6346855}
  - {x: -1.1320534, y: -0.000029325485, z: -0.08288193}
  - {x: -1.0024529, y: -0.000029325485, z: -0.18623734}
  - {x: -0.5768242, y: 0, z: -0.508976}
  - {x: -0.33171463, y: 0, z: 0}
  - {x: -0.8408394, y: -0.000029325485, z: -0.14934921}
  - {x: -0.7689171, y: -0.000029325485, z: 0}
  - {x: -0.33171463, y: 0, z: 0}
  - {x: -0.5768242, y: 0, z: 0.508976}
  - {x: -0.7689171, y: -0.000029325485, z: 0}
  - {x: -0.8408394, y: -0.000029325485, z: 0.14934921}
  - {x: -0.5768242, y: 0, z: 0.508976}
  - {x: -1.1275787, y: 0, z: 0.6346855}
  - {x: -0.8408394, y: -0.000029325485, z: 0.14934921}
  - {x: -1.002449, y: -0.000029325485, z: 0.18623734}
  - {x: -1.1275787, y: 0, z: 0.6346855}
  - {x: -1.5692558, y: 0, z: 0.28245926}
  - {x: -1.002449, y: -0.000029325485, z: 0.18623734}
  - {x: -1.1320534, y: -0.000029325485, z: 0.08288193}
  - {x: -1.1320534, y: -0.000029325485, z: 0.08288193}
  - {x: -1.1320534, y: -0.000029325485, z: -0.08288193}
  - {x: -1.1756287, y: -0.52983105, z: 0.10277176}
  - {x: -1.1756287, y: -0.52983105, z: -0.10277176}
  - {x: -1.0024529, y: -0.000029325485, z: -0.18623734}
  - {x: -0.8408394, y: -0.000029325485, z: -0.14934921}
  - {x: -1.0149269, y: -0.52983105, z: -0.23093414}
  - {x: -0.8145256, y: -0.52983105, z: -0.18519211}
  - {x: -1.1320534, y: -0.000029325485, z: -0.08288193}
  - {x: -1.0024529, y: -0.000029325485, z: -0.18623734}
  - {x: -1.1756287, y: -0.52983105, z: -0.10277176}
  - {x: -1.0149269, y: -0.52983105, z: -0.23093414}
  - {x: -0.8408394, y: -0.000029325485, z: -0.14934921}
  - {x: -0.7689171, y: -0.000029325485, z: 0}
  - {x: -0.8145256, y: -0.52983105, z: -0.18519211}
  - {x: -0.7253418, y: -0.52983105, z: 0}
  - {x: -0.7689171, y: -0.000029325485, z: 0}
  - {x: -0.8408394, y: -0.000029325485, z: 0.14934921}
  - {x: -0.7253418, y: -0.52983105, z: 0}
  - {x: -0.8145256, y: -0.52983105, z: 0.18519211}
  - {x: -0.8408394, y: -0.000029325485, z: 0.14934921}
  - {x: -1.002449, y: -0.000029325485, z: 0.18623734}
  - {x: -0.8145256, y: -0.52983105, z: 0.18519211}
  - {x: -1.0149193, y: -0.52983105, z: 0.23093414}
  - {x: -1.002449, y: -0.000029325485, z: 0.18623734}
  - {x: -1.1320534, y: -0.000029325485, z: 0.08288193}
  - {x: -1.0149193, y: -0.52983105, z: 0.23093414}
  - {x: -1.1756287, y: -0.52983105, z: 0.10277176}
  - {x: -1.0497551, y: 1.8508358, z: 0}
  - {x: -0.7884102, y: 0.6265063, z: 0.25448608}
  - {x: -0.6658592, y: 0.6265063, z: 0}
  - {x: -0.7884102, y: 0.6265063, z: 0.25448608}
  - {x: -0.5768242, y: 0, z: 0.508976}
  - {x: -0.33171463, y: 0, z: 0}
  - {x: -0.6658592, y: 0.6265063, z: 0}
  - {x: -1.0497551, y: 1.8508358, z: 0}
  - {x: -1.0637894, y: 0.6265063, z: 0.31734467}
  - {x: -0.7884102, y: 0.6265063, z: 0.25448608}
  - {x: -1.0637894, y: 0.6265063, z: 0.31734467}
  - {x: -1.1275787, y: 0, z: 0.6346855}
  - {x: -0.5768242, y: 0, z: 0.508976}
  - {x: -0.7884102, y: 0.6265063, z: 0.25448608}
  - {x: -1.0497551, y: 1.8508358, z: 0}
  - {x: -1.284626, y: 0.6265063, z: 0.14122772}
  - {x: -1.0637894, y: 0.6265063, z: 0.31734467}
  - {x: -1.284626, y: 0.6265063, z: 0.14122772}
  - {x: -1.5692558, y: 0, z: 0.28245926}
  - {x: -1.1275787, y: 0, z: 0.6346855}
  - {x: -1.0637894, y: 0.6265063, z: 0.31734467}
  - {x: -1.0497551, y: 1.8508358, z: 0}
  - {x: -1.284626, y: 0.6265063, z: -0.14122772}
  - {x: -1.284626, y: 0.6265063, z: 0.14122772}
  - {x: -1.284626, y: 0.6265063, z: -0.14122772}
  - {x: -1.5692558, y: 0, z: -0.28245926}
  - {x: -1.5692558, y: 0, z: 0.28245926}
  - {x: -1.284626, y: 0.6265063, z: 0.14122772}
  - {x: -1.0497551, y: 1.8508358, z: 0}
  - {x: -1.0637932, y: 0.6265063, z: -0.31734467}
  - {x: -1.284626, y: 0.6265063, z: -0.14122772}
  - {x: -1.0637932, y: 0.6265063, z: -0.31734467}
  - {x: -1.1275826, y: 0, z: -0.6346855}
  - {x: -1.5692558, y: 0, z: -0.28245926}
  - {x: -1.284626, y: 0.6265063, z: -0.14122772}
  - {x: -1.0497551, y: 1.8508358, z: 0}
  - {x: -0.7884102, y: 0.6265063, z: -0.25448608}
  - {x: -1.0637932, y: 0.6265063, z: -0.31734467}
  - {x: -0.7884102, y: 0.6265063, z: -0.25448608}
  - {x: -0.5768242, y: 0, z: -0.508976}
  - {x: -1.1275826, y: 0, z: -0.6346855}
  - {x: -1.0637932, y: 0.6265063, z: -0.31734467}
  - {x: -1.0497551, y: 1.8508358, z: 0}
  - {x: -0.6658592, y: 0.6265063, z: 0}
  - {x: -0.7884102, y: 0.6265063, z: -0.25448608}
  - {x: -0.6658592, y: 0.6265063, z: 0}
  - {x: -0.33171463, y: 0, z: 0}
  - {x: -0.5768242, y: 0, z: -0.508976}
  - {x: -0.7884102, y: 0.6265063, z: -0.25448608}
  m_Textures0:
  - {x: 0.7253418, y: 0}
  - {x: 0.8145256, y: 0.18519211}
  - {x: 0.9622116, y: 0}
  - {x: 0.8145256, y: 0.18519211}
  - {x: 1.0149193, y: 0.23093414}
  - {x: 0.9622116, y: 0}
  - {x: 1.0149193, y: 0.23093414}
  - {x: 1.1756287, y: 0.10277176}
  - {x: 0.9622116, y: 0}
  - {x: 1.1756287, y: 0.10277176}
  - {x: 1.1756287, y: -0.10277176}
  - {x: 0.9622116, y: 0}
  - {x: 1.1756287, y: -0.10277176}
  - {x: 1.0149269, y: -0.23093414}
  - {x: 0.9622116, y: 0}
  - {x: 1.0149269, y: -0.23093414}
  - {x: 0.8145256, y: -0.18519211}
  - {x: 0.9622116, y: 0}
  - {x: 0.8145256, y: -0.18519211}
  - {x: 0.7253418, y: 0}
  - {x: 0.9622116, y: 0}
  - {x: 1.5692558, y: 0.28245926}
  - {x: 1.5692558, y: -0.28245926}
  - {x: 1.1320534, y: 0.08288193}
  - {x: 1.1320534, y: -0.08288193}
  - {x: 1.1275826, y: -0.6346855}
  - {x: 0.5768242, y: -0.508976}
  - {x: 1.0024529, y: -0.18623734}
  - {x: 0.8408394, y: -0.14934921}
  - {x: 1.5692558, y: -0.28245926}
  - {x: 1.1275826, y: -0.6346855}
  - {x: 1.1320534, y: -0.08288192}
  - {x: 1.0024529, y: -0.18623734}
  - {x: 0.5768242, y: -0.508976}
  - {x: 0.33171463, y: -7.187098e-10}
  - {x: 0.8408394, y: -0.14934921}
  - {x: 0.7689171, y: -7.1871065e-10}
  - {x: 0.33171463, y: 7.187086e-10}
  - {x: 0.5768242, y: 0.508976}
  - {x: 0.7689171, y: 7.1870865e-10}
  - {x: 0.8408394, y: 0.14934921}
  - {x: 0.5768242, y: 0.508976}
  - {x: 1.1275787, y: 0.6346855}
  - {x: 0.8408394, y: 0.14934921}
  - {x: 1.002449, y: 0.18623734}
  - {x: 1.1275787, y: 0.6346855}
  - {x: 1.5692558, y: 0.28245926}
  - {x: 1.002449, y: 0.18623734}
  - {x: 1.1320534, y: 0.08288192}
  - {x: -0.08288193, y: -0.09282534}
  - {x: 0.08288193, y: -0.09282534}
  - {x: -0.10277176, y: -0.62441605}
  - {x: 0.10277176, y: -0.62441605}
  - {x: -1.0187607, y: 0.003157587}
  - {x: -0.85299087, y: 0.0031575866}
  - {x: -1.0408683, y: -0.52821285}
  - {x: -0.83531284, y: -0.5282128}
  - {x: -0.83339006, y: -0.061966643}
  - {x: -0.6676232, y: -0.061966643}
  - {x: -0.855057, y: -0.59348786}
  - {x: -0.64950734, y: -0.5934881}
  - {x: -0.49938372, y: 0.051166277}
  - {x: -0.3336188, y: 0.051166277}
  - {x: -0.52026004, y: -0.48008808}
  - {x: -0.3147123, y: -0.4800881}
  - {x: 0.3336188, y: 0.051166978}
  - {x: 0.4993837, y: 0.051166978}
  - {x: 0.3147123, y: -0.48008743}
  - {x: 0.52026, y: -0.48008737}
  - {x: 0.8529907, y: 0.003157879}
  - {x: 1.0187567, y: 0.003157879}
  - {x: 0.83531284, y: -0.52821255}
  - {x: 1.0408608, y: -0.5282126}
  - {x: 0.6676313, y: -0.061967134}
  - {x: 0.8334011, y: -0.061967134}
  - {x: 0.64951307, y: -0.59348845}
  - {x: 0.8550686, y: -0.59348834}
  - {x: 0.4554624, y: 2.0657518}
  - {x: 0.57135653, y: 0.798239}
  - {x: 0.2888996, y: 0.798239}
  - {x: 0.57135653, y: 0.798239}
  - {x: 0.70884323, y: 0.10574246}
  - {x: 0.14392266, y: 0.10574062}
  - {x: 0.2888996, y: 0.798239}
  - {x: 1.0234314, y: 1.8217051}
  - {x: 1.107735, y: 0.5656572}
  - {x: 0.8252728, y: 0.5656572}
  - {x: 1.107735, y: 0.5656572}
  - {x: 1.2405453, y: -0.12361172}
  - {x: 0.6756263, y: -0.12361394}
  - {x: 0.8252728, y: 0.5656572}
  - {x: 0.82072145, y: 1.5524735}
  - {x: 0.9162929, y: 0.3093242}
  - {x: 0.63382876, y: 0.3093242}
  - {x: 0.9162929, y: 0.3093242}
  - {x: 1.0507646, y: -0.37584215}
  - {x: 0.48583803, y: -0.37583953}
  - {x: 0.63382876, y: 0.3093242}
  - {x: 0, y: 1.4455266}
  - {x: 0.14122772, y: 0.20760772}
  - {x: -0.14122772, y: 0.20760772}
  - {x: 0.14122772, y: 0.20760772}
  - {x: 0.28245926, y: -0.4757015}
  - {x: -0.28245926, y: -0.4757015}
  - {x: -0.14122772, y: 0.20760772}
  - {x: -0.8207219, y: 1.5524787}
  - {x: -0.63383234, y: 0.30932802}
  - {x: -0.91629356, y: 0.30932882}
  - {x: -0.63383234, y: 0.30932802}
  - {x: -0.48584187, y: -0.37583542}
  - {x: -1.0507654, y: -0.37583718}
  - {x: -0.91629356, y: 0.30932882}
  - {x: -1.0234333, y: 1.8217013}
  - {x: -0.82527226, y: 0.56565416}
  - {x: -1.1077381, y: 0.56565374}
  - {x: -0.82527226, y: 0.56565416}
  - {x: -0.67562336, y: -0.12361671}
  - {x: -1.240546, y: -0.123615704}
  - {x: -1.1077381, y: 0.56565374}
  - {x: -0.45546663, y: 2.0657518}
  - {x: -0.28890228, y: 0.7982394}
  - {x: -0.5713592, y: 0.79823893}
  - {x: -0.28890228, y: 0.7982394}
  - {x: -0.14392398, y: 0.1057411}
  - {x: -0.70884454, y: 0.105742045}
  - {x: -0.5713592, y: 0.79823893}
  m_Textures2: []
  m_Textures3: []
  m_Tangents:
  - {x: -1, y: 0, z: 0, w: -1}
  - {x: -1, y: 0, z: 0, w: -1}
  - {x: -1, y: 0, z: 0, w: -1}
  - {x: -1, y: 0, z: 0, w: -1}
  - {x: -1, y: 0, z: 0, w: -1}
  - {x: -1, y: 0, z: 0, w: -1}
  - {x: -1, y: 0, z: 0, w: -1}
  - {x: -1, y: 0, z: 0, w: -1}
  - {x: -1, y: 0, z: 0, w: -1}
  - {x: -1, y: 0, z: 0, w: -1}
  - {x: -1, y: 0, z: 0, w: -1}
  - {x: -1, y: 0, z: 0, w: -1}
  - {x: -1, y: 0, z: 0, w: -1}
  - {x: -1, y: 0, z: 0, w: -1}
  - {x: -1, y: 0, z: 0, w: -1}
  - {x: -1, y: 0, z: 0, w: -1}
  - {x: -1, y: 0, z: 0, w: -1}
  - {x: -1, y: 0, z: 0, w: -1}
  - {x: -1, y: 0, z: 0, w: -1}
  - {x: -1, y: 0, z: 0, w: -1}
  - {x: -1, y: 0, z: 0, w: -1}
  - {x: -1, y: 0.0000670753, z: 0, w: -1}
  - {x: -1, y: 0.0000670753, z: 0, w: -1}
  - {x: -1, y: 0.0000670753, z: 0, w: -1}
  - {x: -1, y: 0.0000670753, z: 0, w: -1}
  - {x: -1, y: -0.000015941137, z: 0, w: -1}
  - {x: -1, y: -0.000015941165, z: 0, w: -1}
  - {x: -1, y: -0.000015941165, z: 0, w: -1}
  - {x: -1, y: -0.00001594119, z: 0, w: -1}
  - {x: -1, y: 0.00004265761, z: 0, w: -1}
  - {x: -1, y: 0.0000426579, z: 0, w: -1}
  - {x: -1, y: 0.0000426579, z: 0, w: -1}
  - {x: -1, y: 0.00004265819, z: 0, w: -1}
  - {x: -1, y: -0.00006707536, z: 2.3502613e-16, w: -1}
  - {x: -1, y: -0.00006707532, z: 1.1872928e-15, w: -1}
  - {x: -1, y: -0.00006707532, z: 1.1872928e-15, w: -1}
  - {x: -1, y: -0.00006707529, z: 2.1395595e-15, w: -1}
  - {x: -1, y: -0.0000670753, z: -1.2696898e-16, w: -1}
  - {x: -1, y: -0.0000670754, z: 1.7154117e-16, w: -1}
  - {x: -1, y: -0.0000670754, z: 1.7154117e-16, w: -1}
  - {x: -1, y: -0.0000670755, z: 2.3502536e-16, w: -1}
  - {x: -1, y: -0.000015941227, z: 0, w: -1}
  - {x: -1, y: -0.00001594142, z: 0, w: -1}
  - {x: -1, y: -0.00001594142, z: 0, w: -1}
  - {x: -1, y: -0.000015941612, z: -1.2704078e-16, w: -1}
  - {x: -1, y: 0.000042657415, z: 1.9459779e-16, w: -1}
  - {x: -1, y: 0.00004265739, z: 0, w: -1}
  - {x: -1, y: 0.00004265739, z: 0, w: -1}
  - {x: -1, y: 0.00004265736, z: 0, w: -1}
  - {x: 0, y: 0, z: -1, w: -1}
  - {x: 0, y: 0, z: -1, w: -1}
  - {x: 0, y: 0, z: -1, w: -1}
  - {x: 0, y: 0, z: -1, w: -1}
  - {x: 0.9749267, y: 0.0000000016566315, z: 0.22252612, w: -1}
  - {x: 0.9749264, y: -0.00000014315594, z: 0.22252755, w: -1}
  - {x: 0.9749264, y: -0.00000014315594, z: 0.22252755, w: -1}
  - {x: 0.9749261, y: -0.00000029025688, z: 0.22252901, w: -1}
  - {x: 0.7818243, y: 0.0000000023952764, z: -0.6234988, w: -1}
  - {x: 0.78181964, y: 0.00000057328674, z: -0.62350464, w: -1}
  - {x: 0.78181964, y: 0.00000057328674, z: -0.62350464, w: -1}
  - {x: 0.7818149, y: 0.0000011561549, z: -0.6235106, w: -1}
  - {x: 0.43388137, y: 0.0000000022023805, z: 0.90097004, w: -1}
  - {x: 0.43388253, y: 0.00000014679573, z: 0.9009695, w: -1}
  - {x: 0.43388253, y: 0.00000014679573, z: 0.9009695, w: -1}
  - {x: 0.43388367, y: 0.00000028918666, z: 0.9009689, w: -1}
  - {x: -0.4338813, y: 0, z: 0.90097, w: -1}
  - {x: -0.43388253, y: -0.00000014679576, z: 0.9009695, w: -1}
  - {x: -0.43388253, y: -0.00000014679576, z: 0.9009695, w: -1}
  - {x: -0.4338837, y: -0.00000028918672, z: 0.90096897, w: -1}
  - {x: -0.97492564, y: -0.0000000011441436, z: 0.22253112, w: -1}
  - {x: -0.9749249, y: 0.00000014570574, z: 0.22253409, w: -1}
  - {x: -0.9749249, y: 0.00000014570574, z: 0.22253409, w: -1}
  - {x: -0.97492427, y: 0.00000029026737, z: 0.22253704, w: -1}
  - {x: -0.7818333, y: -0.0000000023953313, z: -0.6234876, w: -1}
  - {x: -0.7818313, y: -0.00000028663516, z: -0.6234901, w: -1}
  - {x: -0.7818313, y: -0.00000028663516, z: -0.6234901, w: -1}
  - {x: -0.7818293, y: -0.0000005780609, z: -0.62349254, w: -1}
  - {x: -0.4338749, y: 0, z: 0.90097314, w: -1}
  - {x: -0.4338749, y: 0, z: 0.90097314, w: -1}
  - {x: -0.4338749, y: 0, z: 0.90097314, w: -1}
  - {x: -0.43387493, y: -0.000000012907789, z: 0.90097314, w: -1}
  - {x: -0.43387845, y: -0.0000014994057, z: 0.9009714, w: -1}
  - {x: -0.43388197, y: -0.000002960088, z: 0.90096974, w: -1}
  - {x: -0.43387845, y: -0.0000014994057, z: 0.9009714, w: -1}
  - {x: -0.974924, y: 0.0000000072321584, z: 0.22253807, w: -1}
  - {x: -0.974924, y: 0.0000000072321584, z: 0.22253807, w: -1}
  - {x: -0.974924, y: 0.0000000072321584, z: 0.22253807, w: -1}
  - {x: -0.974924, y: 0, z: 0.22253804, w: -1}
  - {x: -0.9749251, y: -0.0000017798317, z: 0.22253317, w: -1}
  - {x: -0.97492623, y: -0.0000035660146, z: 0.22252831, w: -1}
  - {x: -0.9749251, y: -0.0000017798317, z: 0.22253317, w: -1}
  - {x: -0.78182185, y: -0.0000000061191456, z: -0.62350196, w: -1}
  - {x: -0.78182185, y: -0.0000000061191456, z: -0.62350196, w: -1}
  - {x: -0.78182185, y: -0.0000000061191456, z: -0.62350196, w: -1}
  - {x: -0.78182185, y: 0, z: -0.62350196, w: -1}
  - {x: -0.7818257, y: 0.0000020851392, z: -0.62349695, w: -1}
  - {x: -0.7818298, y: 0.0000042573824, z: -0.6234919, w: -1}
  - {x: -0.7818257, y: 0.0000020851392, z: -0.62349695, w: -1}
  - {x: 0, y: 0, z: -1, w: -1}
  - {x: 0, y: 0, z: -1, w: -1}
  - {x: 0, y: 0, z: -1, w: -1}
  - {x: 0, y: 0, z: -1, w: -1}
  - {x: 0, y: 0, z: -1, w: -1}
  - {x: 0, y: 0, z: -1, w: -1}
  - {x: 0, y: 0, z: -1, w: -1}
  - {x: 0.78181696, y: 0.0000029156577, z: -0.62350804, w: -1}
  - {x: 0.78181696, y: 0.0000029156577, z: -0.62350804, w: -1}
  - {x: 0.78181696, y: 0.0000029156577, z: -0.62350804, w: -1}
  - {x: 0.7818225, y: -0.00000010892224, z: -0.6235011, w: -1}
  - {x: 0.7818276, y: -0.000002810261, z: -0.6234947, w: -1}
  - {x: 0.7818225, y: -0.00000010892224, z: -0.6235011, w: -1}
  - {x: 0.7818173, y: 0.000002604861, z: -0.62350756, w: -1}
  - {x: 0.9749248, y: -0.0000012413528, z: 0.22253484, w: -1}
  - {x: 0.9749248, y: -0.0000012413528, z: 0.22253484, w: -1}
  - {x: 0.9749248, y: -0.0000012413528, z: 0.22253484, w: -1}
  - {x: 0.9749259, y: 0.00000015057093, z: 0.22253022, w: -1}
  - {x: 0.97492677, y: 0.0000016310455, z: 0.22252591, w: -1}
  - {x: 0.9749259, y: 0.00000015057093, z: 0.22253022, w: -1}
  - {x: 0.9749248, y: -0.0000013426063, z: 0.22253448, w: -1}
  - {x: 0.43387532, y: -0.0000016306618, z: 0.9009729, w: -1}
  - {x: 0.43387532, y: -0.0000016306618, z: 0.9009729, w: -1}
  - {x: 0.43387532, y: -0.0000016306618, z: 0.9009729, w: -1}
  - {x: 0.4338791, y: 0.0000000069313377, z: 0.9009711, w: -1}
  - {x: 0.43388256, y: 0.0000015282591, z: 0.9009694, w: -1}
  - {x: 0.4338791, y: 0.0000000069313377, z: 0.9009711, w: -1}
  - {x: 0.4338756, y: -0.0000015273047, z: 0.90097284, w: -1}
  m_Colors:
  - {r: 0.7075472, g: 0.27416125, b: 0.12348701, a: 1}
  - {r: 0.7075472, g: 0.27416125, b: 0.12348701, a: 1}
  - {r: 0.7075472, g: 0.27416125, b: 0.12348701, a: 1}
  - {r: 0.7075472, g: 0.27416125, b: 0.12348701, a: 1}
  - {r: 0.7075472, g: 0.27416125, b: 0.12348701, a: 1}
  - {r: 0.7075472, g: 0.27416125, b: 0.12348701, a: 1}
  - {r: 0.7075472, g: 0.27416125, b: 0.12348701, a: 1}
  - {r: 0.7075472, g: 0.27416125, b: 0.12348701, a: 1}
  - {r: 0.7075472, g: 0.27416125, b: 0.12348701, a: 1}
  - {r: 0.7075472, g: 0.27416125, b: 0.12348701, a: 1}
  - {r: 0.7075472, g: 0.27416125, b: 0.12348701, a: 1}
  - {r: 0.7075472, g: 0.27416125, b: 0.12348701, a: 1}
  - {r: 0.7075472, g: 0.27416125, b: 0.12348701, a: 1}
  - {r: 0.7075472, g: 0.27416125, b: 0.12348701, a: 1}
  - {r: 0.7075472, g: 0.27416125, b: 0.12348701, a: 1}
  - {r: 0.7075472, g: 0.27416125, b: 0.12348701, a: 1}
  - {r: 0.7075472, g: 0.27416125, b: 0.12348701, a: 1}
  - {r: 0.7075472, g: 0.27416125, b: 0.12348701, a: 1}
  - {r: 0.7075472, g: 0.27416125, b: 0.12348701, a: 1}
  - {r: 0.7075472, g: 0.27416125, b: 0.12348701, a: 1}
  - {r: 0.7075472, g: 0.27416125, b: 0.12348701, a: 1}
  - {r: 0.18, g: 0.52156866, b: 0.5372549, a: 1}
  - {r: 0.18, g: 0.52156866, b: 0.5372549, a: 1}
  - {r: 0.18, g: 0.52156866, b: 0.5372549, a: 1}
  - {r: 0.18, g: 0.52156866, b: 0.5372549, a: 1}
  - {r: 0.18, g: 0.52156866, b: 0.5372549, a: 1}
  - {r: 0.18, g: 0.52156866, b: 0.5372549, a: 1}
  - {r: 0.18, g: 0.52156866, b: 0.5372549, a: 1}
  - {r: 0.18, g: 0.52156866, b: 0.5372549, a: 1}
  - {r: 0.18, g: 0.52156866, b: 0.5372549, a: 1}
  - {r: 0.18, g: 0.52156866, b: 0.5372549, a: 1}
  - {r: 0.18, g: 0.52156866, b: 0.5372549, a: 1}
  - {r: 0.18, g: 0.52156866, b: 0.5372549, a: 1}
  - {r: 0.18, g: 0.52156866, b: 0.5372549, a: 1}
  - {r: 0.18, g: 0.52156866, b: 0.5372549, a: 1}
  - {r: 0.18, g: 0.52156866, b: 0.5372549, a: 1}
  - {r: 0.18, g: 0.52156866, b: 0.5372549, a: 1}
  - {r: 0.18, g: 0.52156866, b: 0.5372549, a: 1}
  - {r: 0.18, g: 0.52156866, b: 0.5372549, a: 1}
  - {r: 0.18, g: 0.52156866, b: 0.5372549, a: 1}
  - {r: 0.18, g: 0.52156866, b: 0.5372549, a: 1}
  - {r: 0.18, g: 0.52156866, b: 0.5372549, a: 1}
  - {r: 0.18, g: 0.52156866, b: 0.5372549, a: 1}
  - {r: 0.18, g: 0.52156866, b: 0.5372549, a: 1}
  - {r: 0.18, g: 0.52156866, b: 0.5372549, a: 1}
  - {r: 0.18, g: 0.52156866, b: 0.5372549, a: 1}
  - {r: 0.18, g: 0.52156866, b: 0.5372549, a: 1}
  - {r: 0.18, g: 0.52156866, b: 0.5372549, a: 1}
  - {r: 0.18, g: 0.52156866, b: 0.5372549, a: 1}
  - {r: 0.7075472, g: 0.27416125, b: 0.12348701, a: 1}
  - {r: 0.7075472, g: 0.27416125, b: 0.12348701, a: 1}
  - {r: 0.7075472, g: 0.27416125, b: 0.12348701, a: 1}
  - {r: 0.7075472, g: 0.27416125, b: 0.12348701, a: 1}
  - {r: 0.7075472, g: 0.27416125, b: 0.12348701, a: 1}
  - {r: 0.7075472, g: 0.27416125, b: 0.12348701, a: 1}
  - {r: 0.7075472, g: 0.27416125, b: 0.12348701, a: 1}
  - {r: 0.7075472, g: 0.27416125, b: 0.12348701, a: 1}
  - {r: 0.7075472, g: 0.27416125, b: 0.12348701, a: 1}
  - {r: 0.7075472, g: 0.27416125, b: 0.12348701, a: 1}
  - {r: 0.7075472, g: 0.27416125, b: 0.12348701, a: 1}
  - {r: 0.7075472, g: 0.27416125, b: 0.12348701, a: 1}
  - {r: 0.7075472, g: 0.27416125, b: 0.12348701, a: 1}
  - {r: 0.7075472, g: 0.27416125, b: 0.12348701, a: 1}
  - {r: 0.7075472, g: 0.27416125, b: 0.12348701, a: 1}
  - {r: 0.7075472, g: 0.27416125, b: 0.12348701, a: 1}
  - {r: 0.7075472, g: 0.27416125, b: 0.12348701, a: 1}
  - {r: 0.7075472, g: 0.27416125, b: 0.12348701, a: 1}
  - {r: 0.7075472, g: 0.27416125, b: 0.12348701, a: 1}
  - {r: 0.7075472, g: 0.27416125, b: 0.12348701, a: 1}
  - {r: 0.7075472, g: 0.27416125, b: 0.12348701, a: 1}
  - {r: 0.7075472, g: 0.27416125, b: 0.12348701, a: 1}
  - {r: 0.7075472, g: 0.27416125, b: 0.12348701, a: 1}
  - {r: 0.7075472, g: 0.27416125, b: 0.12348701, a: 1}
  - {r: 0.7075472, g: 0.27416125, b: 0.12348701, a: 1}
  - {r: 0.7075472, g: 0.27416125, b: 0.12348701, a: 1}
  - {r: 0.7075472, g: 0.27416125, b: 0.12348701, a: 1}
  - {r: 0.7075472, g: 0.27416125, b: 0.12348701, a: 1}
  - {r: 0.18, g: 0.52156866, b: 0.5372549, a: 1}
  - {r: 0.18, g: 0.52156866, b: 0.5372549, a: 1}
  - {r: 0.18, g: 0.52156866, b: 0.5372549, a: 1}
  - {r: 0.18, g: 0.52156866, b: 0.5372549, a: 1}
  - {r: 0.18, g: 0.52156866, b: 0.5372549, a: 1}
  - {r: 0.18, g: 0.52156866, b: 0.5372549, a: 1}
  - {r: 0.18, g: 0.52156866, b: 0.5372549, a: 1}
  - {r: 0.18, g: 0.52156866, b: 0.5372549, a: 1}
  - {r: 0.18, g: 0.52156866, b: 0.5372549, a: 1}
  - {r: 0.18, g: 0.52156866, b: 0.5372549, a: 1}
  - {r: 0.18, g: 0.52156866, b: 0.5372549, a: 1}
  - {r: 0.18, g: 0.52156866, b: 0.5372549, a: 1}
  - {r: 0.18, g: 0.52156866, b: 0.5372549, a: 1}
  - {r: 0.18, g: 0.52156866, b: 0.5372549, a: 1}
  - {r: 0.18, g: 0.52156866, b: 0.5372549, a: 1}
  - {r: 0.18, g: 0.52156866, b: 0.5372549, a: 1}
  - {r: 0.18, g: 0.52156866, b: 0.5372549, a: 1}
  - {r: 0.18, g: 0.52156866, b: 0.5372549, a: 1}
  - {r: 0.18, g: 0.52156866, b: 0.5372549, a: 1}
  - {r: 0.18, g: 0.52156866, b: 0.5372549, a: 1}
  - {r: 0.18, g: 0.52156866, b: 0.5372549, a: 1}
  - {r: 0.18, g: 0.52156866, b: 0.5372549, a: 1}
  - {r: 0.18, g: 0.52156866, b: 0.5372549, a: 1}
  - {r: 0.18, g: 0.52156866, b: 0.5372549, a: 1}
  - {r: 0.18, g: 0.52156866, b: 0.5372549, a: 1}
  - {r: 0.18, g: 0.52156866, b: 0.5372549, a: 1}
  - {r: 0.18, g: 0.52156866, b: 0.5372549, a: 1}
  - {r: 0.18, g: 0.52156866, b: 0.5372549, a: 1}
  - {r: 0.18, g: 0.52156866, b: 0.5372549, a: 1}
  - {r: 0.18, g: 0.52156866, b: 0.5372549, a: 1}
  - {r: 0.18, g: 0.52156866, b: 0.5372549, a: 1}
  - {r: 0.18, g: 0.52156866, b: 0.5372549, a: 1}
  - {r: 0.18, g: 0.52156866, b: 0.5372549, a: 1}
  - {r: 0.18, g: 0.52156866, b: 0.5372549, a: 1}
  - {r: 0.18, g: 0.52156866, b: 0.5372549, a: 1}
  - {r: 0.18, g: 0.52156866, b: 0.5372549, a: 1}
  - {r: 0.18, g: 0.52156866, b: 0.5372549, a: 1}
  - {r: 0.18, g: 0.52156866, b: 0.5372549, a: 1}
  - {r: 0.18, g: 0.52156866, b: 0.5372549, a: 1}
  - {r: 0.18, g: 0.52156866, b: 0.5372549, a: 1}
  - {r: 0.18, g: 0.52156866, b: 0.5372549, a: 1}
  - {r: 0.18, g: 0.52156866, b: 0.5372549, a: 1}
  - {r: 0.18, g: 0.52156866, b: 0.5372549, a: 1}
  - {r: 0.18, g: 0.52156866, b: 0.5372549, a: 1}
  - {r: 0.18, g: 0.52156866, b: 0.5372549, a: 1}
  - {r: 0.18, g: 0.52156866, b: 0.5372549, a: 1}
  - {r: 0.18, g: 0.52156866, b: 0.5372549, a: 1}
  - {r: 0.18, g: 0.52156866, b: 0.5372549, a: 1}
  - {r: 0.18, g: 0.52156866, b: 0.5372549, a: 1}
  m_UnwrapParameters:
    m_HardAngle: 88
    m_PackMargin: 20
    m_AngleError: 8
    m_AreaError: 15
  m_PreserveMeshAssetOnDestroy: 0
  assetGuid: 
  m_IsSelectable: 1
  m_SelectedFaces: 
  m_SelectedEdges: []
  m_SelectedVertices: 
--- !u!64 &3340438220470471223
MeshCollider:
  m_ObjectHideFlags: 0
  m_CorrespondingSourceObject: {fileID: 0}
  m_PrefabInstance: {fileID: 0}
  m_PrefabAsset: {fileID: 0}
  m_GameObject: {fileID: 3340438220470471222}
  m_Material: {fileID: 0}
  m_IsTrigger: 0
  m_Enabled: 1
  serializedVersion: 3
  m_Convex: 0
  m_CookingOptions: 14
  m_Mesh: {fileID: 0}
