%YAML 1.1
%TAG !u! tag:unity3d.com,2011:
--- !u!1 &930732488587191888
GameObject:
  m_ObjectHideFlags: 0
  m_CorrespondingSourceObject: {fileID: 0}
  m_PrefabInstance: {fileID: 0}
  m_PrefabAsset: {fileID: 0}
  serializedVersion: 6
  m_Component:
  - component: {fileID: 930732488587191893}
  - component: {fileID: 930732488587191892}
  - component: {fileID: 930732488587191895}
  - component: {fileID: 930732488587191894}
  - component: {fileID: 930732488587191889}
  m_Layer: 0
  m_Name: tree 1
  m_TagString: Untagged
  m_Icon: {fileID: 0}
  m_NavMeshLayer: 0
  m_StaticEditorFlags: 0
  m_IsActive: 1
--- !u!4 &930732488587191893
Transform:
  m_ObjectHideFlags: 0
  m_CorrespondingSourceObject: {fileID: 0}
  m_PrefabInstance: {fileID: 0}
  m_PrefabAsset: {fileID: 0}
  m_GameObject: {fileID: 930732488587191888}
  m_LocalRotation: {x: 0, y: 0, z: 0, w: 1}
  m_LocalPosition: {x: -0.088295, y: -0.27, z: -0.057404}
  m_LocalScale: {x: 1.0017, y: 1.0017, z: 1.0017}
  m_Children: []
  m_Father: {fileID: 0}
  m_RootOrder: 0
  m_LocalEulerAnglesHint: {x: 0, y: 0, z: 0}
--- !u!33 &930732488587191892
MeshFilter:
  m_ObjectHideFlags: 0
  m_CorrespondingSourceObject: {fileID: 0}
  m_PrefabInstance: {fileID: 0}
  m_PrefabAsset: {fileID: 0}
  m_GameObject: {fileID: 930732488587191888}
  m_Mesh: {fileID: 0}
--- !u!23 &930732488587191895
MeshRenderer:
  m_ObjectHideFlags: 0
  m_CorrespondingSourceObject: {fileID: 0}
  m_PrefabInstance: {fileID: 0}
  m_PrefabAsset: {fileID: 0}
  m_GameObject: {fileID: 930732488587191888}
  m_Enabled: 1
  m_CastShadows: 1
  m_ReceiveShadows: 1
  m_DynamicOccludee: 1
  m_MotionVectors: 1
  m_LightProbeUsage: 1
  m_ReflectionProbeUsage: 1
  m_RenderingLayerMask: 1
  m_RendererPriority: 0
  m_Materials:
  - {fileID: 2100000, guid: c22777d6e868e4f2fb421913386b154e, type: 2}
  m_StaticBatchInfo:
    firstSubMesh: 0
    subMeshCount: 0
  m_StaticBatchRoot: {fileID: 0}
  m_ProbeAnchor: {fileID: 0}
  m_LightProbeVolumeOverride: {fileID: 0}
  m_ScaleInLightmap: 1
  m_PreserveUVs: 0
  m_IgnoreNormalsForChartDetection: 0
  m_ImportantGI: 0
  m_StitchLightmapSeams: 1
  m_SelectedEditorRenderState: 2
  m_MinimumChartSize: 4
  m_AutoUVMaxDistance: 0.5
  m_AutoUVMaxAngle: 89
  m_LightmapParameters: {fileID: 0}
  m_SortingLayerID: 0
  m_SortingLayer: 0
  m_SortingOrder: 0
--- !u!114 &930732488587191894
MonoBehaviour:
  m_ObjectHideFlags: 0
  m_CorrespondingSourceObject: {fileID: 0}
  m_PrefabInstance: {fileID: 0}
  m_PrefabAsset: {fileID: 0}
  m_GameObject: {fileID: 930732488587191888}
  m_Enabled: 1
  m_EditorHideFlags: 0
  m_Script: {fileID: 11500000, guid: 8233d90336aea43098adf6dbabd606a2, type: 3}
  m_Name: 
  m_EditorClassIdentifier: 
  m_MeshFormatVersion: 1
  m_Faces:
  - m_Indexes: 000000000100000002000000010000000300000002000000
    m_SmoothingGroup: 0
    m_Uv:
      m_UseWorldSpace: 0
      m_FlipU: 0
      m_FlipV: 0
      m_SwapUV: 0
      m_Fill: 1
      m_Scale: {x: 1, y: 1}
      m_Offset: {x: 0, y: 0}
      m_Rotation: 0
      m_Anchor: 9
    m_Material: {fileID: 0}
    m_SubmeshIndex: 0
    m_ManualUV: 1
    elementGroup: -1
    m_TextureGroup: -1
  - m_Indexes: 040000000500000006000000050000000700000006000000
    m_SmoothingGroup: 0
    m_Uv:
      m_UseWorldSpace: 0
      m_FlipU: 0
      m_FlipV: 0
      m_SwapUV: 0
      m_Fill: 1
      m_Scale: {x: 1, y: 1}
      m_Offset: {x: 0, y: 0}
      m_Rotation: 0
      m_Anchor: 9
    m_Material: {fileID: 0}
    m_SubmeshIndex: 0
    m_ManualUV: 1
    elementGroup: -1
    m_TextureGroup: -1
  - m_Indexes: 08000000090000000a000000090000000b0000000a000000
    m_SmoothingGroup: 0
    m_Uv:
      m_UseWorldSpace: 0
      m_FlipU: 0
      m_FlipV: 0
      m_SwapUV: 0
      m_Fill: 1
      m_Scale: {x: 1, y: 1}
      m_Offset: {x: 0, y: 0}
      m_Rotation: 0
      m_Anchor: 9
    m_Material: {fileID: 0}
    m_SubmeshIndex: 0
    m_ManualUV: 1
    elementGroup: -1
    m_TextureGroup: -1
  - m_Indexes: 0c0000000d0000000e0000000d0000000f0000000e000000
    m_SmoothingGroup: 0
    m_Uv:
      m_UseWorldSpace: 0
      m_FlipU: 0
      m_FlipV: 0
      m_SwapUV: 0
      m_Fill: 1
      m_Scale: {x: 1, y: 1}
      m_Offset: {x: 0, y: 0}
      m_Rotation: 0
      m_Anchor: 9
    m_Material: {fileID: 0}
    m_SubmeshIndex: 0
    m_ManualUV: 1
    elementGroup: -1
    m_TextureGroup: -1
  - m_Indexes: 100000001100000012000000110000001300000012000000
    m_SmoothingGroup: 0
    m_Uv:
      m_UseWorldSpace: 0
      m_FlipU: 0
      m_FlipV: 0
      m_SwapUV: 0
      m_Fill: 1
      m_Scale: {x: 1, y: 1}
      m_Offset: {x: 0, y: 0}
      m_Rotation: 0
      m_Anchor: 9
    m_Material: {fileID: 0}
    m_SubmeshIndex: 0
    m_ManualUV: 1
    elementGroup: -1
    m_TextureGroup: -1
  - m_Indexes: 140000001500000016000000150000001700000016000000
    m_SmoothingGroup: 0
    m_Uv:
      m_UseWorldSpace: 0
      m_FlipU: 0
      m_FlipV: 0
      m_SwapUV: 0
      m_Fill: 1
      m_Scale: {x: 1, y: 1}
      m_Offset: {x: 0, y: 0}
      m_Rotation: 0
      m_Anchor: 9
    m_Material: {fileID: 0}
    m_SubmeshIndex: 0
    m_ManualUV: 1
    elementGroup: -1
    m_TextureGroup: -1
  - m_Indexes: 1a00000019000000180000001a0000001b00000019000000
    m_SmoothingGroup: -1
    m_Uv:
      m_UseWorldSpace: 0
      m_FlipU: 0
      m_FlipV: 0
      m_SwapUV: 0
      m_Fill: 1
      m_Scale: {x: 1, y: 1}
      m_Offset: {x: 0, y: 0}
      m_Rotation: 0
      m_Anchor: 9
    m_Material: {fileID: 0}
    m_SubmeshIndex: 0
    m_ManualUV: 1
    elementGroup: -1
    m_TextureGroup: -1
  - m_Indexes: 1e0000001d0000001c0000001e0000001f0000001d000000
    m_SmoothingGroup: -1
    m_Uv:
      m_UseWorldSpace: 0
      m_FlipU: 0
      m_FlipV: 0
      m_SwapUV: 0
      m_Fill: 1
      m_Scale: {x: 1, y: 1}
      m_Offset: {x: 0, y: 0}
      m_Rotation: 0
      m_Anchor: 9
    m_Material: {fileID: 0}
    m_SubmeshIndex: 0
    m_ManualUV: 1
    elementGroup: -1
    m_TextureGroup: -1
  - m_Indexes: 220000002100000020000000220000002300000021000000
    m_SmoothingGroup: -1
    m_Uv:
      m_UseWorldSpace: 0
      m_FlipU: 0
      m_FlipV: 0
      m_SwapUV: 0
      m_Fill: 1
      m_Scale: {x: 1, y: 1}
      m_Offset: {x: 0, y: 0}
      m_Rotation: 0
      m_Anchor: 9
    m_Material: {fileID: 0}
    m_SubmeshIndex: 0
    m_ManualUV: 1
    elementGroup: -1
    m_TextureGroup: -1
  - m_Indexes: 260000002700000024000000260000002400000025000000
    m_SmoothingGroup: 0
    m_Uv:
      m_UseWorldSpace: 0
      m_FlipU: 0
      m_FlipV: 0
      m_SwapUV: 0
      m_Fill: 1
      m_Scale: {x: 1, y: 1}
      m_Offset: {x: 0, y: 0}
      m_Rotation: 0
      m_Anchor: 9
    m_Material: {fileID: 2100000, guid: c22777d6e868e4f2fb421913386b154e, type: 2}
    m_SubmeshIndex: 0
    m_ManualUV: 1
    elementGroup: 0
    m_TextureGroup: 1
  - m_Indexes: 2a0000002b000000280000002a0000002800000029000000
    m_SmoothingGroup: 0
    m_Uv:
      m_UseWorldSpace: 0
      m_FlipU: 0
      m_FlipV: 0
      m_SwapUV: 0
      m_Fill: 1
      m_Scale: {x: 1, y: 1}
      m_Offset: {x: 0, y: 0}
      m_Rotation: 0
      m_Anchor: 9
    m_Material: {fileID: 2100000, guid: c22777d6e868e4f2fb421913386b154e, type: 2}
    m_SubmeshIndex: 0
    m_ManualUV: 1
    elementGroup: 0
    m_TextureGroup: 1
  - m_Indexes: 300000002c0000002d000000300000002d0000002f0000002f0000002d0000002e000000
    m_SmoothingGroup: -1
    m_Uv:
      m_UseWorldSpace: 0
      m_FlipU: 0
      m_FlipV: 0
      m_SwapUV: 0
      m_Fill: 1
      m_Scale: {x: 1, y: 1}
      m_Offset: {x: 0, y: 0}
      m_Rotation: 0
      m_Anchor: 9
    m_Material: {fileID: 2100000, guid: c22777d6e868e4f2fb421913386b154e, type: 2}
    m_SubmeshIndex: 0
    m_ManualUV: 1
    elementGroup: 0
    m_TextureGroup: -1
  - m_Indexes: 310000003200000034000000320000003300000034000000
    m_SmoothingGroup: 0
    m_Uv:
      m_UseWorldSpace: 0
      m_FlipU: 0
      m_FlipV: 0
      m_SwapUV: 0
      m_Fill: 1
      m_Scale: {x: 1, y: 1}
      m_Offset: {x: 0, y: 0}
      m_Rotation: 0
      m_Anchor: 9
    m_Material: {fileID: 2100000, guid: c22777d6e868e4f2fb421913386b154e, type: 2}
    m_SubmeshIndex: 0
    m_ManualUV: 1
    elementGroup: 0
    m_TextureGroup: 2
  - m_Indexes: 350000003600000038000000360000003700000038000000
    m_SmoothingGroup: 0
    m_Uv:
      m_UseWorldSpace: 0
      m_FlipU: 0
      m_FlipV: 0
      m_SwapUV: 0
      m_Fill: 1
      m_Scale: {x: 1, y: 1}
      m_Offset: {x: 0, y: 0}
      m_Rotation: 0
      m_Anchor: 9
    m_Material: {fileID: 2100000, guid: c22777d6e868e4f2fb421913386b154e, type: 2}
    m_SubmeshIndex: 0
    m_ManualUV: 1
    elementGroup: 0
    m_TextureGroup: 2
  - m_Indexes: 390000003a0000003d0000003d0000003a0000003c0000003a0000003b0000003c000000
    m_SmoothingGroup: -1
    m_Uv:
      m_UseWorldSpace: 0
      m_FlipU: 0
      m_FlipV: 0
      m_SwapUV: 0
      m_Fill: 1
      m_Scale: {x: 1, y: 1}
      m_Offset: {x: 0, y: 0}
      m_Rotation: 0
      m_Anchor: 9
    m_Material: {fileID: 2100000, guid: c22777d6e868e4f2fb421913386b154e, type: 2}
    m_SubmeshIndex: 0
    m_ManualUV: 1
    elementGroup: 0
    m_TextureGroup: -1
  - m_Indexes: 410000003f0000004000000041000000420000003f000000420000003e0000003f000000
    m_SmoothingGroup: -1
    m_Uv:
      m_UseWorldSpace: 0
      m_FlipU: 0
      m_FlipV: 0
      m_SwapUV: 0
      m_Fill: 1
      m_Scale: {x: 1, y: 1}
      m_Offset: {x: 0, y: 0}
      m_Rotation: 0
      m_Anchor: 9
    m_Material: {fileID: 2100000, guid: c22777d6e868e4f2fb421913386b154e, type: 2}
    m_SubmeshIndex: 0
    m_ManualUV: 1
    elementGroup: 0
    m_TextureGroup: -1
  - m_Indexes: 450000004600000043000000450000004300000044000000
    m_SmoothingGroup: 0
    m_Uv:
      m_UseWorldSpace: 0
      m_FlipU: 0
      m_FlipV: 0
      m_SwapUV: 0
      m_Fill: 1
      m_Scale: {x: 1, y: 1}
      m_Offset: {x: 0, y: 0}
      m_Rotation: 0
      m_Anchor: 9
    m_Material: {fileID: 2100000, guid: c22777d6e868e4f2fb421913386b154e, type: 2}
    m_SubmeshIndex: 0
    m_ManualUV: 1
    elementGroup: 0
    m_TextureGroup: 3
  - m_Indexes: 490000004a00000047000000490000004700000048000000
    m_SmoothingGroup: 0
    m_Uv:
      m_UseWorldSpace: 0
      m_FlipU: 0
      m_FlipV: 0
      m_SwapUV: 0
      m_Fill: 1
      m_Scale: {x: 1, y: 1}
      m_Offset: {x: 0, y: 0}
      m_Rotation: 0
      m_Anchor: 9
    m_Material: {fileID: 2100000, guid: c22777d6e868e4f2fb421913386b154e, type: 2}
    m_SubmeshIndex: 0
    m_ManualUV: 1
    elementGroup: 0
    m_TextureGroup: 3
  - m_Indexes: 4b0000004c0000004e0000004c0000004d0000004e0000004e0000004f0000004b000000
    m_SmoothingGroup: -1
    m_Uv:
      m_UseWorldSpace: 0
      m_FlipU: 0
      m_FlipV: 0
      m_SwapUV: 0
      m_Fill: 1
      m_Scale: {x: 1, y: 1}
      m_Offset: {x: 0, y: 0}
      m_Rotation: 0
      m_Anchor: 9
    m_Material: {fileID: 2100000, guid: c22777d6e868e4f2fb421913386b154e, type: 2}
    m_SubmeshIndex: 0
    m_ManualUV: 1
    elementGroup: 0
    m_TextureGroup: -1
  - m_Indexes: 500000005100000052000000500000005200000055000000540000005500000052000000530000005400000052000000
    m_SmoothingGroup: -1
    m_Uv:
      m_UseWorldSpace: 0
      m_FlipU: 0
      m_FlipV: 0
      m_SwapUV: 0
      m_Fill: 1
      m_Scale: {x: 1, y: 1}
      m_Offset: {x: 0, y: 0}
      m_Rotation: 0
      m_Anchor: 9
    m_Material: {fileID: 2100000, guid: c22777d6e868e4f2fb421913386b154e, type: 2}
    m_SubmeshIndex: 0
    m_ManualUV: 1
    elementGroup: 0
    m_TextureGroup: -1
  - m_Indexes: 590000005a000000580000005a00000057000000580000005a0000005600000057000000
    m_SmoothingGroup: 0
    m_Uv:
      m_UseWorldSpace: 0
      m_FlipU: 0
      m_FlipV: 0
      m_SwapUV: 0
      m_Fill: 1
      m_Scale: {x: 1, y: 1}
      m_Offset: {x: 0, y: 0}
      m_Rotation: 0
      m_Anchor: 9
    m_Material: {fileID: 0}
    m_SubmeshIndex: 0
    m_ManualUV: 1
    elementGroup: -1
    m_TextureGroup: -1
  - m_Indexes: 5e0000005f0000005b0000005d0000005e0000005b0000005c0000005d0000005b000000
    m_SmoothingGroup: 0
    m_Uv:
      m_UseWorldSpace: 0
      m_FlipU: 0
      m_FlipV: 0
      m_SwapUV: 0
      m_Fill: 1
      m_Scale: {x: 1, y: 1}
      m_Offset: {x: 0, y: 0}
      m_Rotation: 0
      m_Anchor: 9
    m_Material: {fileID: 0}
    m_SubmeshIndex: 0
    m_ManualUV: 1
    elementGroup: -1
    m_TextureGroup: -1
  - m_Indexes: 640000006000000061000000640000006100000062000000620000006300000064000000
    m_SmoothingGroup: 0
    m_Uv:
      m_UseWorldSpace: 0
      m_FlipU: 0
      m_FlipV: 0
      m_SwapUV: 0
      m_Fill: 1
      m_Scale: {x: 1, y: 1}
      m_Offset: {x: 0, y: 0}
      m_Rotation: 0
      m_Anchor: 9
    m_Material: {fileID: 0}
    m_SubmeshIndex: 0
    m_ManualUV: 1
    elementGroup: -1
    m_TextureGroup: -1
  - m_Indexes: 670000006600000065000000
    m_SmoothingGroup: 0
    m_Uv:
      m_UseWorldSpace: 0
      m_FlipU: 0
      m_FlipV: 0
      m_SwapUV: 0
      m_Fill: 1
      m_Scale: {x: 1, y: 1}
      m_Offset: {x: 0, y: 0}
      m_Rotation: 0
      m_Anchor: 9
    m_Material: {fileID: 2100000, guid: c22777d6e868e4f2fb421913386b154e, type: 2}
    m_SubmeshIndex: 0
    m_ManualUV: 0
    elementGroup: 0
    m_TextureGroup: -1
  - m_Indexes: 6a0000006b000000680000006a0000006800000069000000
    m_SmoothingGroup: -1
    m_Uv:
      m_UseWorldSpace: 0
      m_FlipU: 0
      m_FlipV: 0
      m_SwapUV: 0
      m_Fill: 1
      m_Scale: {x: 1, y: 1}
      m_Offset: {x: 0, y: 0}
      m_Rotation: 0
      m_Anchor: 9
    m_Material: {fileID: 2100000, guid: c22777d6e868e4f2fb421913386b154e, type: 2}
    m_SubmeshIndex: 0
    m_ManualUV: 0
    elementGroup: 0
    m_TextureGroup: 4
  - m_Indexes: 6c0000006d0000006e0000006c0000006e0000006f0000006f000000710000006c0000006f0000007000000071000000
    m_SmoothingGroup: 0
    m_Uv:
      m_UseWorldSpace: 0
      m_FlipU: 0
      m_FlipV: 0
      m_SwapUV: 0
      m_Fill: 1
      m_Scale: {x: 1, y: 1}
      m_Offset: {x: 0, y: 0}
      m_Rotation: 0
      m_Anchor: 9
    m_Material: {fileID: 2100000, guid: c22777d6e868e4f2fb421913386b154e, type: 2}
    m_SubmeshIndex: 0
    m_ManualUV: 1
    elementGroup: 0
    m_TextureGroup: -1
  - m_Indexes: 750000007200000073000000750000007300000074000000760000007200000075000000770000007200000076000000
    m_SmoothingGroup: 0
    m_Uv:
      m_UseWorldSpace: 0
      m_FlipU: 0
      m_FlipV: 0
      m_SwapUV: 0
      m_Fill: 1
      m_Scale: {x: 1, y: 1}
      m_Offset: {x: 0, y: 0}
      m_Rotation: 0
      m_Anchor: 9
    m_Material: {fileID: 2100000, guid: c22777d6e868e4f2fb421913386b154e, type: 2}
    m_SubmeshIndex: 0
    m_ManualUV: 1
    elementGroup: 0
    m_TextureGroup: -1
  - m_Indexes: 78000000790000007a000000780000007a0000007b000000
    m_SmoothingGroup: -1
    m_Uv:
      m_UseWorldSpace: 0
      m_FlipU: 0
      m_FlipV: 0
      m_SwapUV: 0
      m_Fill: 1
      m_Scale: {x: 1, y: 1}
      m_Offset: {x: 0, y: 0}
      m_Rotation: 0
      m_Anchor: 9
    m_Material: {fileID: 2100000, guid: c22777d6e868e4f2fb421913386b154e, type: 2}
    m_SubmeshIndex: 0
    m_ManualUV: 0
    elementGroup: 0
    m_TextureGroup: 4
  - m_Indexes: 7c0000007d0000007e0000007c0000007e0000007f000000
    m_SmoothingGroup: -1
    m_Uv:
      m_UseWorldSpace: 0
      m_FlipU: 0
      m_FlipV: 0
      m_SwapUV: 0
      m_Fill: 1
      m_Scale: {x: 1, y: 1}
      m_Offset: {x: 0, y: 0}
      m_Rotation: 0
      m_Anchor: 9
    m_Material: {fileID: 2100000, guid: c22777d6e868e4f2fb421913386b154e, type: 2}
    m_SubmeshIndex: 0
    m_ManualUV: 0
    elementGroup: 0
    m_TextureGroup: -1
  - m_Indexes: 800000008100000082000000810000008300000082000000
    m_SmoothingGroup: 0
    m_Uv:
      m_UseWorldSpace: 0
      m_FlipU: 0
      m_FlipV: 0
      m_SwapUV: 0
      m_Fill: 1
      m_Scale: {x: 1, y: 1}
      m_Offset: {x: 0, y: 0}
      m_Rotation: 0
      m_Anchor: 9
    m_Material: {fileID: 0}
    m_SubmeshIndex: 0
    m_ManualUV: 0
    elementGroup: -1
    m_TextureGroup: -1
  - m_Indexes: 840000008500000086000000850000008700000086000000
    m_SmoothingGroup: 0
    m_Uv:
      m_UseWorldSpace: 0
      m_FlipU: 0
      m_FlipV: 0
      m_SwapUV: 0
      m_Fill: 1
      m_Scale: {x: 1, y: 1}
      m_Offset: {x: 0, y: 0}
      m_Rotation: 0
      m_Anchor: 9
    m_Material: {fileID: 0}
    m_SubmeshIndex: 0
    m_ManualUV: 0
    elementGroup: -1
    m_TextureGroup: -1
  - m_Indexes: 88000000890000008a000000890000008b0000008a000000
    m_SmoothingGroup: 0
    m_Uv:
      m_UseWorldSpace: 0
      m_FlipU: 0
      m_FlipV: 0
      m_SwapUV: 0
      m_Fill: 1
      m_Scale: {x: 1, y: 1}
      m_Offset: {x: 0, y: 0}
      m_Rotation: 0
      m_Anchor: 9
    m_Material: {fileID: 0}
    m_SubmeshIndex: 0
    m_ManualUV: 0
    elementGroup: -1
    m_TextureGroup: -1
  - m_Indexes: 8c0000008d0000008e0000008d0000008f0000008e000000
    m_SmoothingGroup: 0
    m_Uv:
      m_UseWorldSpace: 0
      m_FlipU: 0
      m_FlipV: 0
      m_SwapUV: 0
      m_Fill: 1
      m_Scale: {x: 1, y: 1}
      m_Offset: {x: 0, y: 0}
      m_Rotation: 0
      m_Anchor: 9
    m_Material: {fileID: 0}
    m_SubmeshIndex: 0
    m_ManualUV: 0
    elementGroup: -1
    m_TextureGroup: -1
  - m_Indexes: 900000009100000092000000910000009300000092000000
    m_SmoothingGroup: 0
    m_Uv:
      m_UseWorldSpace: 0
      m_FlipU: 0
      m_FlipV: 0
      m_SwapUV: 0
      m_Fill: 1
      m_Scale: {x: 1, y: 1}
      m_Offset: {x: 0, y: 0}
      m_Rotation: 0
      m_Anchor: 9
    m_Material: {fileID: 0}
    m_SubmeshIndex: 0
    m_ManualUV: 0
    elementGroup: -1
    m_TextureGroup: -1
  - m_Indexes: 940000009500000096000000950000009700000096000000
    m_SmoothingGroup: 0
    m_Uv:
      m_UseWorldSpace: 0
      m_FlipU: 0
      m_FlipV: 0
      m_SwapUV: 0
      m_Fill: 1
      m_Scale: {x: 1, y: 1}
      m_Offset: {x: 0, y: 0}
      m_Rotation: 0
      m_Anchor: 9
    m_Material: {fileID: 0}
    m_SubmeshIndex: 0
    m_ManualUV: 0
    elementGroup: -1
    m_TextureGroup: -1
  - m_Indexes: 98000000990000009a000000990000009b0000009a000000
    m_SmoothingGroup: 0
    m_Uv:
      m_UseWorldSpace: 0
      m_FlipU: 0
      m_FlipV: 0
      m_SwapUV: 0
      m_Fill: 1
      m_Scale: {x: 1, y: 1}
      m_Offset: {x: 0, y: 0}
      m_Rotation: 0
      m_Anchor: 9
    m_Material: {fileID: 0}
    m_SubmeshIndex: 0
    m_ManualUV: 0
    elementGroup: -1
    m_TextureGroup: -1
  - m_Indexes: 9c0000009d0000009e0000009d0000009f0000009e000000
    m_SmoothingGroup: 0
    m_Uv:
      m_UseWorldSpace: 0
      m_FlipU: 0
      m_FlipV: 0
      m_SwapUV: 0
      m_Fill: 1
      m_Scale: {x: 1, y: 1}
      m_Offset: {x: 0, y: 0}
      m_Rotation: 0
      m_Anchor: 9
    m_Material: {fileID: 0}
    m_SubmeshIndex: 0
    m_ManualUV: 0
    elementGroup: -1
    m_TextureGroup: -1
  - m_Indexes: a0000000a1000000a2000000a1000000a3000000a2000000
    m_SmoothingGroup: 0
    m_Uv:
      m_UseWorldSpace: 0
      m_FlipU: 0
      m_FlipV: 0
      m_SwapUV: 0
      m_Fill: 1
      m_Scale: {x: 1, y: 1}
      m_Offset: {x: 0, y: 0}
      m_Rotation: 0
      m_Anchor: 9
    m_Material: {fileID: 0}
    m_SubmeshIndex: 0
    m_ManualUV: 0
    elementGroup: -1
    m_TextureGroup: -1
  - m_Indexes: a4000000a5000000a6000000a5000000a7000000a6000000
    m_SmoothingGroup: 0
    m_Uv:
      m_UseWorldSpace: 0
      m_FlipU: 0
      m_FlipV: 0
      m_SwapUV: 0
      m_Fill: 1
      m_Scale: {x: 1, y: 1}
      m_Offset: {x: 0, y: 0}
      m_Rotation: 0
      m_Anchor: 9
    m_Material: {fileID: 0}
    m_SubmeshIndex: 0
    m_ManualUV: 0
    elementGroup: -1
    m_TextureGroup: -1
  - m_Indexes: a8000000a9000000aa000000a9000000ab000000aa000000
    m_SmoothingGroup: 0
    m_Uv:
      m_UseWorldSpace: 0
      m_FlipU: 0
      m_FlipV: 0
      m_SwapUV: 0
      m_Fill: 1
      m_Scale: {x: 1, y: 1}
      m_Offset: {x: 0, y: 0}
      m_Rotation: 0
      m_Anchor: 9
    m_Material: {fileID: 0}
    m_SubmeshIndex: 0
    m_ManualUV: 0
    elementGroup: -1
    m_TextureGroup: -1
  - m_Indexes: ac000000ad000000ae000000ad000000af000000ae000000
    m_SmoothingGroup: 0
    m_Uv:
      m_UseWorldSpace: 0
      m_FlipU: 0
      m_FlipV: 0
      m_SwapUV: 0
      m_Fill: 1
      m_Scale: {x: 1, y: 1}
      m_Offset: {x: 0, y: 0}
      m_Rotation: 0
      m_Anchor: 9
    m_Material: {fileID: 0}
    m_SubmeshIndex: 0
    m_ManualUV: 0
    elementGroup: -1
    m_TextureGroup: -1
  m_SharedVertices:
  - m_Vertices: 0000000005000000210000004c000000
  - m_Vertices: 0100000031000000400000004b000000
  - m_Vertices: 0200000007000000190000001c000000
  - m_Vertices: 03000000180000003400000039000000
  - m_Vertices: 04000000200000002900000051000000
  - m_Vertices: 060000001d0000002a0000002e000000
  - m_Vertices: 080000000d0000001b0000001e000000
  - m_Vertices: 090000001a0000003d0000005a000000
  - m_Vertices: 0a0000000f0000001000000015000000
  - m_Vertices: 0b00000011000000590000006f000000
  - m_Vertices: 0c0000001f0000002f0000005b000000
  - m_Vertices: 0e000000140000005c00000072000000
  - m_Vertices: 120000001700000064000000
  - m_Vertices: 13000000600000006e000000
  - m_Vertices: 160000006300000073000000
  - m_Vertices: 220000004300000050000000
  - m_Vertices: 23000000460000004d000000
  - m_Vertices: 24000000360000003e00000053000000
  - m_Vertices: 250000002800000052000000
  - m_Vertices: 260000002b0000002d000000
  - m_Vertices: 270000002c000000370000003b000000
  - m_Vertices: 300000003c000000560000005f000000
  - m_Vertices: 32000000350000003f000000
  - m_Vertices: 33000000380000003a000000
  - m_Vertices: 41000000490000004f000000
  - m_Vertices: 420000004800000054000000
  - m_Vertices: 440000004700000055000000
  - m_Vertices: 450000004a0000004e000000
  - m_Vertices: 570000005e00000067000000
  - m_Vertices: 5800000065000000700000007b000000
  - m_Vertices: 5d000000660000007700000078000000
  - m_Vertices: 61000000680000006d000000
  - m_Vertices: 620000006b00000074000000
  - m_Vertices: 690000006c0000008500000088000000
  - m_Vertices: 7e000000970000009a000000
  - m_Vertices: 870000008a0000009500000098000000
  - m_Vertices: 6a000000750000008100000084000000
  - m_Vertices: 7d00000096000000a9000000ac000000
  - m_Vertices: 93000000ab000000ae000000
  - m_Vertices: 830000008600000094000000a1000000a8000000
  - m_Vertices: 91000000a3000000aa000000
  - m_Vertices: 710000007a000000890000008c000000
  - m_Vertices: 7f0000009b0000009e000000
  - m_Vertices: 8b0000008e000000990000009c000000
  - m_Vertices: 7600000079000000800000008d000000
  - m_Vertices: 7c0000009f000000a4000000ad000000
  - m_Vertices: 92000000a6000000af000000
  - m_Vertices: 820000008f0000009d000000a0000000a5000000
  - m_Vertices: 90000000a2000000a7000000
  m_SharedTextures: []
  m_Positions:
  - {x: 51.822765, y: 3.0664423, z: 33.7614}
  - {x: 51.15351, y: 3.0664423, z: 33.7614}
  - {x: 51.822765, y: 2.6260335, z: 33.7614}
  - {x: 51.15351, y: 2.6260335, z: 33.7614}
  - {x: 51.822765, y: 3.0664423, z: 33.210884}
  - {x: 51.822765, y: 3.0664423, z: 33.7614}
  - {x: 51.822765, y: 2.6260335, z: 33.210884}
  - {x: 51.822765, y: 2.6260335, z: 33.7614}
  - {x: 51.775444, y: 2.570979, z: 33.72247}
  - {x: 51.200836, y: 2.570979, z: 33.72247}
  - {x: 51.589676, y: 2.5709658, z: 33.56966}
  - {x: 51.386604, y: 2.5709658, z: 33.56966}
  - {x: 51.775444, y: 2.570979, z: 33.24981}
  - {x: 51.775444, y: 2.570979, z: 33.72247}
  - {x: 51.589676, y: 2.5709658, z: 33.402622}
  - {x: 51.589676, y: 2.5709658, z: 33.56966}
  - {x: 51.589676, y: 2.5709658, z: 33.56966}
  - {x: 51.386604, y: 2.5709658, z: 33.56966}
  - {x: 51.602528, y: 1.8085908, z: 33.60053}
  - {x: 51.373753, y: 1.8085908, z: 33.60053}
  - {x: 51.589676, y: 2.5709658, z: 33.402622}
  - {x: 51.589676, y: 2.5709658, z: 33.56966}
  - {x: 51.602528, y: 1.8085908, z: 33.371754}
  - {x: 51.602528, y: 1.8085908, z: 33.60053}
  - {x: 51.15351, y: 2.6260335, z: 33.7614}
  - {x: 51.822765, y: 2.6260335, z: 33.7614}
  - {x: 51.200836, y: 2.570979, z: 33.72247}
  - {x: 51.775444, y: 2.570979, z: 33.72247}
  - {x: 51.822765, y: 2.6260335, z: 33.7614}
  - {x: 51.822765, y: 2.6260335, z: 33.210884}
  - {x: 51.775444, y: 2.570979, z: 33.72247}
  - {x: 51.775444, y: 2.570979, z: 33.24981}
  - {x: 51.822765, y: 3.0664423, z: 33.210884}
  - {x: 51.822765, y: 3.0664423, z: 33.7614}
  - {x: 51.75584, y: 3.1214933, z: 33.265934}
  - {x: 51.75584, y: 3.1214933, z: 33.706345}
  - {x: 51.15351, y: 3.0664423, z: 33.210884}
  - {x: 51.528954, y: 3.0664423, z: 33.149586}
  - {x: 51.528954, y: 2.6260335, z: 33.149586}
  - {x: 51.15351, y: 2.6260335, z: 33.210884}
  - {x: 51.528954, y: 3.0664423, z: 33.149586}
  - {x: 51.822765, y: 3.0664423, z: 33.210884}
  - {x: 51.822765, y: 2.6260335, z: 33.210884}
  - {x: 51.528954, y: 2.6260335, z: 33.149586}
  - {x: 51.15351, y: 2.6260335, z: 33.210884}
  - {x: 51.528954, y: 2.6260335, z: 33.149586}
  - {x: 51.822765, y: 2.6260335, z: 33.210884}
  - {x: 51.775444, y: 2.570979, z: 33.24981}
  - {x: 51.200836, y: 2.570979, z: 33.24981}
  - {x: 51.15351, y: 3.0664423, z: 33.7614}
  - {x: 51.09849, y: 3.0664423, z: 33.52679}
  - {x: 51.09849, y: 2.6260335, z: 33.52679}
  - {x: 51.15351, y: 2.6260335, z: 33.7614}
  - {x: 51.09849, y: 3.0664423, z: 33.52679}
  - {x: 51.15351, y: 3.0664423, z: 33.210884}
  - {x: 51.15351, y: 2.6260335, z: 33.210884}
  - {x: 51.09849, y: 2.6260335, z: 33.52679}
  - {x: 51.15351, y: 2.6260335, z: 33.7614}
  - {x: 51.09849, y: 2.6260335, z: 33.52679}
  - {x: 51.15351, y: 2.6260335, z: 33.210884}
  - {x: 51.200836, y: 2.570979, z: 33.24981}
  - {x: 51.200836, y: 2.570979, z: 33.72247}
  - {x: 51.15351, y: 3.0664423, z: 33.210884}
  - {x: 51.09849, y: 3.0664423, z: 33.52679}
  - {x: 51.15351, y: 3.0664423, z: 33.7614}
  - {x: 51.220436, y: 3.1214933, z: 33.706345}
  - {x: 51.220436, y: 3.1214933, z: 33.265934}
  - {x: 51.75584, y: 3.1214933, z: 33.265934}
  - {x: 51.576538, y: 3.1939962, z: 33.265934}
  - {x: 51.576538, y: 3.1939962, z: 33.706345}
  - {x: 51.75584, y: 3.1214933, z: 33.706345}
  - {x: 51.576538, y: 3.1939962, z: 33.265934}
  - {x: 51.220436, y: 3.1214933, z: 33.265934}
  - {x: 51.220436, y: 3.1214933, z: 33.706345}
  - {x: 51.576538, y: 3.1939962, z: 33.706345}
  - {x: 51.15351, y: 3.0664423, z: 33.7614}
  - {x: 51.822765, y: 3.0664423, z: 33.7614}
  - {x: 51.75584, y: 3.1214933, z: 33.706345}
  - {x: 51.576538, y: 3.1939962, z: 33.706345}
  - {x: 51.220436, y: 3.1214933, z: 33.706345}
  - {x: 51.75584, y: 3.1214933, z: 33.265934}
  - {x: 51.822765, y: 3.0664423, z: 33.210884}
  - {x: 51.528954, y: 3.0664423, z: 33.149586}
  - {x: 51.15351, y: 3.0664423, z: 33.210884}
  - {x: 51.220436, y: 3.1214933, z: 33.265934}
  - {x: 51.576538, y: 3.1939962, z: 33.265934}
  - {x: 51.200836, y: 2.570979, z: 33.24981}
  - {x: 51.309376, y: 2.5709713, z: 33.339096}
  - {x: 51.386604, y: 2.5709658, z: 33.50262}
  - {x: 51.386604, y: 2.5709658, z: 33.56966}
  - {x: 51.200836, y: 2.570979, z: 33.72247}
  - {x: 51.775444, y: 2.570979, z: 33.24981}
  - {x: 51.589676, y: 2.5709658, z: 33.402622}
  - {x: 51.486603, y: 2.5709658, z: 33.402622}
  - {x: 51.309376, y: 2.5709713, z: 33.339096}
  - {x: 51.200836, y: 2.570979, z: 33.24981}
  - {x: 51.373753, y: 1.8085908, z: 33.60053}
  - {x: 51.373753, y: 1.8085908, z: 33.471752}
  - {x: 51.47375, y: 1.8085908, z: 33.371754}
  - {x: 51.602528, y: 1.8085908, z: 33.371754}
  - {x: 51.602528, y: 1.8085908, z: 33.60053}
  - {x: 51.386604, y: 2.5709658, z: 33.50262}
  - {x: 51.486603, y: 2.5709658, z: 33.402622}
  - {x: 51.309376, y: 2.5709713, z: 33.339096}
  - {x: 51.373753, y: 1.8085908, z: 33.471752}
  - {x: 51.38018, y: 2.241733, z: 33.487186}
  - {x: 51.480175, y: 2.241733, z: 33.387188}
  - {x: 51.47375, y: 1.8085908, z: 33.371754}
  - {x: 51.38018, y: 2.241733, z: 33.487186}
  - {x: 51.373753, y: 1.8085908, z: 33.471752}
  - {x: 51.373753, y: 1.8085908, z: 33.60053}
  - {x: 51.386604, y: 2.5709658, z: 33.56966}
  - {x: 51.386604, y: 2.5709658, z: 33.50262}
  - {x: 51.383392, y: 2.380372, z: 33.494904}
  - {x: 51.589676, y: 2.5709658, z: 33.402622}
  - {x: 51.602528, y: 1.8085908, z: 33.371754}
  - {x: 51.47375, y: 1.8085908, z: 33.371754}
  - {x: 51.480175, y: 2.241733, z: 33.387188}
  - {x: 51.48339, y: 2.380372, z: 33.394905}
  - {x: 51.486603, y: 2.5709658, z: 33.402622}
  - {x: 51.486603, y: 2.5709658, z: 33.402622}
  - {x: 51.48339, y: 2.380372, z: 33.394905}
  - {x: 51.383392, y: 2.380372, z: 33.494904}
  - {x: 51.386604, y: 2.5709658, z: 33.50262}
  - {x: 51.29747, y: 2.4155142, z: 33.432407}
  - {x: 51.295956, y: 2.3503935, z: 33.428787}
  - {x: 51.287884, y: 2.3593006, z: 33.4456}
  - {x: 51.283287, y: 2.4155142, z: 33.457745}
  - {x: 51.48339, y: 2.380372, z: 33.394905}
  - {x: 51.480175, y: 2.241733, z: 33.387188}
  - {x: 51.36554, y: 2.3963587, z: 33.42344}
  - {x: 51.364033, y: 2.331238, z: 33.41981}
  - {x: 51.480175, y: 2.241733, z: 33.387188}
  - {x: 51.38018, y: 2.241733, z: 33.487186}
  - {x: 51.364033, y: 2.331238, z: 33.41981}
  - {x: 51.317066, y: 2.331238, z: 33.46678}
  - {x: 51.38018, y: 2.241733, z: 33.487186}
  - {x: 51.383392, y: 2.380372, z: 33.494904}
  - {x: 51.317066, y: 2.331238, z: 33.46678}
  - {x: 51.31857, y: 2.3963587, z: 33.47041}
  - {x: 51.383392, y: 2.380372, z: 33.494904}
  - {x: 51.48339, y: 2.380372, z: 33.394905}
  - {x: 51.31857, y: 2.3963587, z: 33.47041}
  - {x: 51.36554, y: 2.3963587, z: 33.42344}
  - {x: 51.397358, y: 2.539543, z: 33.349224}
  - {x: 51.396343, y: 2.495688, z: 33.34678}
  - {x: 51.35151, y: 2.5524428, z: 33.355255}
  - {x: 51.35049, y: 2.5085876, z: 33.35282}
  - {x: 51.364033, y: 2.331238, z: 33.41981}
  - {x: 51.317066, y: 2.331238, z: 33.46678}
  - {x: 51.295956, y: 2.3503935, z: 33.428787}
  - {x: 51.287884, y: 2.3593006, z: 33.4456}
  - {x: 51.317066, y: 2.331238, z: 33.46678}
  - {x: 51.31857, y: 2.3963587, z: 33.47041}
  - {x: 51.287884, y: 2.3593006, z: 33.4456}
  - {x: 51.283287, y: 2.4155142, z: 33.457745}
  - {x: 51.31857, y: 2.3963587, z: 33.47041}
  - {x: 51.36554, y: 2.3963587, z: 33.42344}
  - {x: 51.283287, y: 2.4155142, z: 33.457745}
  - {x: 51.29747, y: 2.4155142, z: 33.432407}
  - {x: 51.36554, y: 2.3963587, z: 33.42344}
  - {x: 51.364033, y: 2.331238, z: 33.41981}
  - {x: 51.397358, y: 2.539543, z: 33.349224}
  - {x: 51.396343, y: 2.495688, z: 33.34678}
  - {x: 51.29747, y: 2.4155142, z: 33.432407}
  - {x: 51.36554, y: 2.3963587, z: 33.42344}
  - {x: 51.35151, y: 2.5524428, z: 33.355255}
  - {x: 51.397358, y: 2.539543, z: 33.349224}
  - {x: 51.364033, y: 2.331238, z: 33.41981}
  - {x: 51.295956, y: 2.3503935, z: 33.428787}
  - {x: 51.396343, y: 2.495688, z: 33.34678}
  - {x: 51.35049, y: 2.5085876, z: 33.35282}
  - {x: 51.295956, y: 2.3503935, z: 33.428787}
  - {x: 51.29747, y: 2.4155142, z: 33.432407}
  - {x: 51.35049, y: 2.5085876, z: 33.35282}
  - {x: 51.35151, y: 2.5524428, z: 33.355255}
  m_Textures0:
  - {x: 0, y: 0.1}
  - {x: -1, y: 0.1}
  - {x: 0, y: 0.9}
  - {x: -1, y: 0.9}
  - {x: 1, y: 0.1}
  - {x: 0, y: 0.1}
  - {x: 1, y: 0.9}
  - {x: 0, y: 0.9}
  - {x: 0.07071068, y: -0.07079762}
  - {x: 0.92928934, y: -0.07079762}
  - {x: 0.34828568, y: -0.3483726}
  - {x: 0.6517143, y: -0.3483726}
  - {x: 0.07079762, y: -0.92928934}
  - {x: 0.07079762, y: -0.07071068}
  - {x: 0.3483726, y: -0.6517143}
  - {x: 0.3483726, y: -0.34828568}
  - {x: -0.35321426, y: 0.88187796}
  - {x: -0.64678574, y: 0.88187796}
  - {x: -0.33463287, y: 1.984925}
  - {x: -0.6653671, y: 1.984925}
  - {x: 0.6207428, y: 0.89187443}
  - {x: 0.3792572, y: 0.89187443}
  - {x: 0.6653671, y: 1.9941751}
  - {x: 0.33463287, y: 1.9941751}
  - {x: -0.98376083, y: 0.7271225}
  - {x: -0.016239166, y: 0.7271225}
  - {x: -0.91534805, y: 0.82459813}
  - {x: -0.08465195, y: 0.82459813}
  - {x: 0.102069855, y: 0.6311795}
  - {x: 0.89793015, y: 0.6311795}
  - {x: 0.15834427, y: 0.7361319}
  - {x: 0.84165573, y: 0.7361319}
  - {x: 0.10286125, y: -0.89793015}
  - {x: 0.10286125, y: -0.102069855}
  - {x: -0.022417957, y: -0.8183441}
  - {x: -0.022417957, y: -0.18165588}
  - {x: 1, y: 0.1}
  - {x: 0.5, y: 0.1}
  - {x: 0.5, y: 0.9}
  - {x: 1, y: 0.9}
  - {x: 0.5, y: 0.1}
  - {x: 0, y: 0.1}
  - {x: 0, y: 0.9}
  - {x: 0.5, y: 0.9}
  - {x: 0.9824206, y: -0.36270234}
  - {x: 0.43965858, y: -0.43970633}
  - {x: 0.014900213, y: -0.36349967}
  - {x: 0.083182685, y: -0.2747396}
  - {x: 0.9138777, y: -0.274055}
  - {x: 0, y: 0.1}
  - {x: -0.5, y: 0.1}
  - {x: -0.5, y: 0.9}
  - {x: 0, y: 0.9}
  - {x: -0.5, y: 0.1}
  - {x: -1, y: 0.1}
  - {x: -1, y: 0.9}
  - {x: -0.5, y: 0.9}
  - {x: 0.4189571, y: -0.0995253}
  - {x: 0.48704422, y: -0.43860275}
  - {x: 0.4189571, y: -0.89538383}
  - {x: 0.31924716, y: -0.83904064}
  - {x: 0.31924716, y: -0.15573066}
  - {x: -0.9554619, y: -0.89728135}
  - {x: -1.0258901, y: -0.4405062}
  - {x: -0.9554619, y: -0.10142293}
  - {x: -0.8328036, y: -0.18095316}
  - {x: -0.8328036, y: -0.8176399}
  - {x: -0.1, y: -0.9}
  - {x: -0.5, y: -0.9}
  - {x: -0.5, y: -0.1}
  - {x: -0.1, y: -0.1}
  - {x: -0.5, y: -0.9}
  - {x: -0.9, y: -0.9}
  - {x: -0.9, y: -0.1}
  - {x: -0.5, y: -0.1}
  - {x: -0.9841432, y: 0.121677935}
  - {x: -0.01662856, y: 0.1200892}
  - {x: -0.11368373, y: 0.014161702}
  - {x: -0.37289435, y: -0.080028385}
  - {x: -0.88769543, y: 0.015432685}
  - {x: 0.10383737, y: 0.55346155}
  - {x: 0.006201686, y: 0.6636729}
  - {x: 0.42994353, y: 0.717194}
  - {x: 0.9736629, y: 0.6698724}
  - {x: 0.87780637, y: 0.55842113}
  - {x: 0.36303368, y: 0.46924004}
  - {x: 0.9292024, y: -0.92928934}
  - {x: 0.722338, y: -0.722425}
  - {x: 0.65162736, y: -0.5517143}
  - {x: 0.65162736, y: -0.34828568}
  - {x: 0.9292024, y: -0.07071068}
  - {x: 0.07071068, y: -0.9292024}
  - {x: 0.34828568, y: -0.65162736}
  - {x: 0.5517143, y: -0.65162736}
  - {x: 0.722425, y: -0.722338}
  - {x: 0.92928934, y: -0.9292024}
  - {x: 0.6653671, y: -0.33463287}
  - {x: 0.6653671, y: -0.5653671}
  - {x: 0.5653671, y: -0.6653671}
  - {x: 0.33463287, y: -0.6653671}
  - {x: 0.33463287, y: -0.33463287}
  - {x: -51.386547, y: 33.502563}
  - {x: -51.486546, y: 33.402565}
  - {x: -51.30932, y: 33.33904}
  - {x: 12.658626, y: 4.0923347}
  - {x: 12.652257, y: 4.5257516}
  - {x: 12.7936735, y: 4.525751}
  - {x: 12.800045, y: 4.0923347}
  - {x: -0.54305494, y: 1.4598815}
  - {x: -0.5653671, y: 2.0110319}
  - {x: -0.33463287, y: 2.0110319}
  - {x: -0.3792572, y: 0.90873134}
  - {x: -0.5207428, y: 0.90873134}
  - {x: -0.53189886, y: 1.1843064}
  - {x: 0.35321426, y: 0.9223335}
  - {x: 0.33463287, y: 2.0253804}
  - {x: 0.5653671, y: 2.0253804}
  - {x: 0.5560764, y: 1.4738569}
  - {x: 0.55143106, y: 1.1980952}
  - {x: 0.5467857, y: 0.9223335}
  - {x: 12.787305, y: 4.855334}
  - {x: 12.790491, y: 4.664584}
  - {x: 12.649072, y: 4.664584}
  - {x: 12.645885, y: 4.855334}
  - {x: -6.602166, y: 5.2037296}
  - {x: -6.599623, y: 5.1385407}
  - {x: -6.6182675, y: 5.147457}
  - {x: -6.631179, y: 5.2036757}
  - {x: 42.527435, y: 5.0030475}
  - {x: 42.526062, y: 4.8641634}
  - {x: 42.406185, y: 5.019062}
  - {x: 42.405544, y: 4.9538264}
  - {x: 12.792528, y: -31.179602}
  - {x: 12.651112, y: -31.179602}
  - {x: 12.687336, y: -31.072367}
  - {x: 12.620913, y: -31.072369}
  - {x: -60.02993, y: 2.7849247}
  - {x: -60.03572, y: 2.9236946}
  - {x: -59.96371, y: 2.874514}
  - {x: -59.96643, y: 2.9396966}
  - {x: 50.16019, y: 31.009409}
  - {x: 50.258625, y: 30.907871}
  - {x: 50.093567, y: 30.984537}
  - {x: 50.1398, y: 30.936844}
  - {x: 47.246746, y: 4.795369}
  - {x: 47.246017, y: 4.7514405}
  - {x: 47.20051, y: 4.808291}
  - {x: 47.19977, y: 4.764363}
  - {x: -48.142944, y: 26.617537}
  - {x: -48.098267, y: 26.666689}
  - {x: -48.072277, y: 26.62693}
  - {x: -48.06185, y: 26.641232}
  - {x: -61.099766, y: 2.193742}
  - {x: -61.10316, y: 2.2588928}
  - {x: -61.063713, y: 2.2218175}
  - {x: -61.067425, y: 2.2783823}
  - {x: 46.767014, y: 23.983788}
  - {x: 46.81063, y: 23.933687}
  - {x: 46.727142, y: 23.970278}
  - {x: 46.74031, y: 23.944693}
  - {x: 14.747332, y: 4.7786303}
  - {x: 14.744398, y: 4.713457}
  - {x: 14.666788, y: 4.9219294}
  - {x: 14.66481, y: 4.8780394}
  - {x: -41.17922, y: -16.229698}
  - {x: -41.247345, y: -16.250668}
  - {x: -41.251007, y: -16.079803}
  - {x: -41.296894, y: -16.09393}
  - {x: 42.005135, y: -13.856932}
  - {x: 41.936867, y: -13.836405}
  - {x: 42.0538, y: -13.680712}
  - {x: 42.007816, y: -13.666887}
  - {x: -2.2734408, y: 5.314245}
  - {x: -2.275766, y: 5.3794427}
  - {x: -2.1802428, y: 5.4726253}
  - {x: -2.1818056, y: 5.516532}
  m_Textures2: []
  m_Textures3: []
  m_Tangents:
  - {x: 1, y: 0, z: 0, w: -1}
  - {x: 1, y: 0, z: 0, w: -1}
  - {x: 1, y: 0, z: 0, w: -1}
  - {x: 1, y: 0, z: 0, w: -1}
  - {x: 0, y: 0, z: -1, w: -1}
  - {x: 0, y: 0, z: -1, w: -1}
  - {x: 0, y: 0, z: -1, w: -1}
  - {x: 0, y: 0, z: -1, w: -1}
  - {x: -1, y: 0, z: 0, w: -1}
  - {x: -1, y: 0, z: 0, w: -1}
  - {x: -1, y: 0, z: 0, w: -1}
  - {x: -1, y: 0, z: 0, w: -1}
  - {x: -1, y: -0.00007187154, z: 0.000020833239, w: -1}
  - {x: -1, y: -0.00007187154, z: 0.00000051719746, w: -1}
  - {x: -1, y: -0.00007187154, z: 0.00000051719746, w: -1}
  - {x: -1, y: -0.00007187154, z: -0.000019798843, w: -1}
  - {x: 1, y: 0, z: 0, w: -1}
  - {x: 1, y: 0, z: 0, w: -1}
  - {x: 1, y: 0, z: 0, w: -1}
  - {x: 1, y: 0, z: 0, w: -1}
  - {x: 0, y: 0, z: -1, w: -1}
  - {x: 0, y: 0, z: -1, w: -1}
  - {x: 0, y: 0, z: -1, w: -1}
  - {x: 0, y: 0, z: -1, w: -1}
  - {x: 1, y: 0, z: 0, w: -1}
  - {x: 1, y: 0, z: 0, w: -1}
  - {x: 1, y: 0, z: 0, w: -1}
  - {x: 1, y: 0, z: 0, w: -1}
  - {x: 0, y: 0, z: -1, w: -1}
  - {x: 0, y: 0, z: -1, w: -1}
  - {x: 0, y: 0, z: -1, w: -1}
  - {x: 0, y: 0, z: -1, w: -1}
  - {x: 0.7722906, y: -0.6352694, z: 0.000017608087, w: -1}
  - {x: 0.7722906, y: -0.6352694, z: 0.00002256036, w: -1}
  - {x: 0.7722906, y: -0.6352694, z: 0.00002256036, w: -1}
  - {x: 0.7722906, y: -0.6352694, z: 0.000027512633, w: -1}
  - {x: -0.98693216, y: 0, z: 0.1611361, w: -1}
  - {x: -0.98693216, y: 0, z: 0.1611361, w: -1}
  - {x: -0.98693216, y: 0, z: 0.1611361, w: -1}
  - {x: -0.98693216, y: 0, z: 0.1611361, w: -1}
  - {x: -0.9789222, y: 0, z: -0.20423393, w: -1}
  - {x: -0.9789222, y: 0, z: -0.20423393, w: -1}
  - {x: -0.9789222, y: 0, z: -0.20423393, w: -1}
  - {x: -0.9789222, y: 0, z: -0.20423393, w: -1}
  - {x: -0.99134624, y: 0.11381413, z: 0.06541314, w: -1}
  - {x: -0.9999446, y: -0.008659874, z: -0.0059811543, w: -1}
  - {x: -0.9868038, y: -0.13946958, z: -0.082258396, w: -1}
  - {x: -0.996853, y: -0.06825215, z: -0.040319357, w: -1}
  - {x: -0.9979541, y: 0.055806663, z: 0.031198256, w: -1}
  - {x: 0.2283219, y: 0, z: 0.97358567, w: -1}
  - {x: 0.2283219, y: 0, z: 0.97358567, w: -1}
  - {x: 0.2283219, y: 0, z: 0.97358567, w: -1}
  - {x: 0.2283219, y: 0, z: 0.97358567, w: -1}
  - {x: -0.17158064, y: 0, z: 0.98517, w: -1}
  - {x: -0.17158064, y: 0, z: 0.98517, w: -1}
  - {x: -0.17158064, y: 0, z: 0.98517, w: -1}
  - {x: -0.17158064, y: 0, z: 0.98517, w: -1}
  - {x: -0.71587056, y: 0.6982328, z: 0.00051356683, w: -1}
  - {x: -0.77348727, y: 0.63381183, z: 0.00035999893, w: -1}
  - {x: -0.7009741, y: 0.71318656, z: 0.00053604576, w: -1}
  - {x: -0.80016094, y: 0.59978527, z: 0.000053066866, w: -1}
  - {x: -0.8066743, y: 0.5909961, z: 0.00044267083, w: -1}
  - {x: 0.81174487, y: 0.5840121, z: -0.00032125518, w: -1}
  - {x: 0.85237914, y: 0.52292424, z: -0.00017142114, w: -1}
  - {x: 0.823231, y: 0.5677065, z: -0.00028546565, w: -1}
  - {x: 0.8710404, y: 0.49121127, z: -0.0001299496, w: -1}
  - {x: 0.8660181, y: 0.5000125, z: -0.000071666684, w: -1}
  - {x: 0.927076, y: -0.37487355, z: 0, w: -1}
  - {x: 0.927076, y: -0.37487355, z: 0, w: -1}
  - {x: 0.927076, y: -0.37487355, z: 0, w: -1}
  - {x: 0.927076, y: -0.37487355, z: 0, w: -1}
  - {x: 0.9798962, y: 0.19950819, z: 0, w: -1}
  - {x: 0.9798962, y: 0.19950819, z: 0, w: -1}
  - {x: 0.9798962, y: 0.19950819, z: 0, w: -1}
  - {x: 0.9798962, y: 0.19950819, z: 0, w: -1}
  - {x: 0.9962904, y: 0.034373168, z: 0.07889213, w: -1}
  - {x: 0.98119706, y: -0.07651682, z: -0.17719345, w: -1}
  - {x: 0.91073, y: -0.17905316, z: -0.37217033, w: -1}
  - {x: 0.9975202, y: -0.024992438, z: -0.06579287, w: -1}
  - {x: 0.98342526, y: 0.076554134, z: 0.16436034, w: -1}
  - {x: -0.9818595, y: 0.11385344, z: -0.15162206, w: -1}
  - {x: -0.99115264, y: 0.08120297, z: -0.104988776, w: -1}
  - {x: -0.99947834, y: 0.023291355, z: -0.022371083, w: -1}
  - {x: -0.993971, y: -0.057528753, z: 0.09333919, w: -1}
  - {x: -0.99185103, y: -0.06776211, z: 0.10788819, w: -1}
  - {x: -0.99864405, y: 0.03476137, z: -0.03875234, w: -1}
  - {x: -0.97527456, y: 0.00007069567, z: 0.22099692, w: -1}
  - {x: -0.9624951, y: 0.00006928758, z: -0.27129903, w: -1}
  - {x: -0.9828519, y: 0.00007046224, z: -0.18439645, w: -1}
  - {x: -0.9495809, y: 0.00006824784, z: 0.31352213, w: -1}
  - {x: -0.9967297, y: 0.00007173103, z: -0.080808185, w: -1}
  - {x: -0.9991484, y: 0.0000035347384, z: -0.041261256, w: -1}
  - {x: -1, y: 0, z: 0, w: -1}
  - {x: -0.9981088, y: 0.0000052458804, z: -0.061472524, w: -1}
  - {x: -0.9984898, y: 0.000004696835, z: -0.054938134, w: -1}
  - {x: -1, y: 0, z: 0, w: -1}
  - {x: -1, y: 0, z: 0, w: -1}
  - {x: -0.992848, y: 0, z: 0.11938536, w: -1}
  - {x: -0.991411, y: 0, z: 0.13078314, w: -1}
  - {x: -1, y: 0, z: 0, w: -1}
  - {x: -0.99616796, y: 0, z: 0.087460525, w: -1}
  - {x: -1, y: 0.000022776969, z: 4.1431065e-17, w: -1}
  - {x: -1, y: 0.000022776969, z: 4.1431065e-17, w: -1}
  - {x: -1, y: 0.000022776969, z: 4.1431065e-17, w: -1}
  - {x: 0.7071001, y: 0.0000016859278, z: -0.70711344, w: -1}
  - {x: 0.70709336, y: 0.000003369728, z: -0.7071202, w: -1}
  - {x: 0.7071001, y: 0.0000016859278, z: -0.70711344, w: -1}
  - {x: 0.70710677, y: 0, z: -0.70710677, w: -1}
  - {x: -0.0021482746, y: 0.056462754, z: 0.9984024, w: -1}
  - {x: 0, y: 0, z: 1, w: -1}
  - {x: 0.00041869024, y: -0.24935734, z: 0.9684115, w: -1}
  - {x: -0.002047346, y: 0.059678167, z: 0.9982156, w: -1}
  - {x: 0, y: 0, z: 1, w: -1}
  - {x: -0.001327732, y: 0.36134383, z: 0.9324317, w: -1}
  - {x: -0.9998882, y: -0.014710203, z: 0.0026851885, w: -1}
  - {x: -0.97628635, y: 0.21648237, z: -0.0006508981, w: -1}
  - {x: -1, y: 0, z: 0, w: -1}
  - {x: -0.9998915, y: -0.014478968, z: 0.0027190568, w: -1}
  - {x: -0.96965134, y: -0.24448432, z: 0.0019230769, w: -1}
  - {x: -1, y: 0, z: 0, w: -1}
  - {x: 0.70710677, y: 0, z: -0.70710677, w: -1}
  - {x: 0.70710677, y: 0, z: -0.70710677, w: -1}
  - {x: 0.70710677, y: 0, z: -0.70710677, w: -1}
  - {x: 0.70710677, y: 0, z: -0.70710677, w: -1}
  - {x: 0.47054133, y: -0.00092834287, z: -0.8823774, w: -1}
  - {x: 0.45249355, y: -0.0000015467996, z: -0.89176774, w: -1}
  - {x: 0.47054133, y: -0.00092834287, z: -0.8823774, w: -1}
  - {x: 0.48839518, y: -0.0018547137, z: -0.87262064, w: -1}
  - {x: 0.9737337, y: -0.0000030194317, z: -0.22768994, w: -1}
  - {x: 0.97373825, y: -0.0000010043518, z: -0.22767067, w: -1}
  - {x: 0.97373825, y: -0.0000010043518, z: -0.22767067, w: -1}
  - {x: 0.9737427, y: 0.0000010133867, z: -0.2276514, w: -1}
  - {x: 0.7070933, y: -0.00000001641359, z: -0.70712024, w: -1}
  - {x: 0.7070912, y: -0.000012016607, z: -0.7071223, w: -1}
  - {x: 0.7070912, y: -0.000012016607, z: -0.7071223, w: -1}
  - {x: 0.7070892, y: -0.00002401679, z: -0.70712435, w: -1}
  - {x: -0.93183, y: 0.0000014728749, z: -0.36289513, w: -1}
  - {x: -0.93183935, y: 0.000000026678002, z: -0.36287108, w: -1}
  - {x: -0.93183935, y: 0.000000026678002, z: -0.36287108, w: -1}
  - {x: -0.9318487, y: -0.0000014207479, z: -0.362847, w: -1}
  - {x: 0.98435694, y: -0.17618634, z: -0.0000068105737, w: -1}
  - {x: 0.98435676, y: -0.17618647, z: -0.00000586795, w: -1}
  - {x: 0.98435676, y: -0.17618647, z: -0.00000586795, w: -1}
  - {x: 0.98435676, y: -0.17618665, z: -0.0000049253017, w: -1}
  - {x: 0.99344057, y: 0.0000056772424, z: -0.11434944, w: -1}
  - {x: 0.9934232, y: 0.000015628855, z: -0.11450034, w: -1}
  - {x: 0.9934232, y: 0.000015628855, z: -0.11450034, w: -1}
  - {x: 0.9934059, y: 0.000025578585, z: -0.11465122, w: -1}
  - {x: -0.95128155, y: 0.30832362, z: -0.000011233683, w: -1}
  - {x: -0.8531701, y: 0.51637715, z: 0.07386088, w: -1}
  - {x: -0.8531701, y: 0.51637715, z: 0.07386088, w: -1}
  - {x: -0.6972046, y: 0.7030772, z: 0.13995767, w: -1}
  - {x: -0.7951923, y: 0.0000018884623, z: -0.60635734, w: -1}
  - {x: -0.84807074, y: -0.0026402308, z: -0.5298764, w: -1}
  - {x: -0.84807074, y: -0.0026402308, z: -0.5298764, w: -1}
  - {x: -0.89440703, y: -0.0056539136, z: -0.4472184, w: -1}
  - {x: 0.9286345, y: -0.3709958, z: -0.0000183958, w: -1}
  - {x: 0.9425392, y: -0.33376834, z: 0.014783796, w: -1}
  - {x: 0.9425392, y: -0.33376834, z: 0.014783796, w: -1}
  - {x: 0.95497304, y: -0.29519743, z: 0.029748447, w: -1}
  - {x: -0.32766905, y: -0.000004723065, z: 0.94479257, w: -1}
  - {x: -0.32765162, y: 0.00000279997, z: 0.9447986, w: -1}
  - {x: -0.32765162, y: 0.00000279997, z: 0.9447986, w: -1}
  - {x: -0.32763425, y: 0.0000103255425, z: 0.94480467, w: -1}
  - {x: -0.9675168, y: 0.000000013514287, z: 0.2528069, w: -1}
  - {x: -0.96754056, y: -0.000043728407, z: 0.25271595, w: -1}
  - {x: -0.96754056, y: -0.000043728407, z: 0.25271595, w: -1}
  - {x: -0.9675643, y: -0.00008746621, z: 0.252625, w: -1}
  - {x: 0.9716417, y: 0.000004862519, z: -0.23645812, w: -1}
  - {x: 0.9716491, y: 0.00001574107, z: -0.23642747, w: -1}
  - {x: 0.9716491, y: 0.00001574107, z: -0.23642747, w: -1}
  - {x: 0.9716566, y: 0.000026603942, z: -0.23639686, w: -1}
  - {x: 0.51449543, y: 0.000005340124, z: -0.8574932, w: -1}
  - {x: 0.51452583, y: 0.0000031720726, z: -0.85747486, w: -1}
  - {x: 0.51452583, y: 0.0000031720726, z: -0.85747486, w: -1}
  - {x: 0.51455647, y: 0.0000009996924, z: -0.85745656, w: -1}
  m_Colors:
  - {r: 0.37126204, g: 0.764151, b: 0.53964293, a: 1}
  - {r: 0.37126204, g: 0.764151, b: 0.53964293, a: 1}
  - {r: 0.37126204, g: 0.764151, b: 0.53964293, a: 1}
  - {r: 0.37126204, g: 0.764151, b: 0.53964293, a: 1}
  - {r: 0.37126204, g: 0.764151, b: 0.53964293, a: 1}
  - {r: 0.37126204, g: 0.764151, b: 0.53964293, a: 1}
  - {r: 0.37126204, g: 0.764151, b: 0.53964293, a: 1}
  - {r: 0.37126204, g: 0.764151, b: 0.53964293, a: 1}
  - {r: 0.37126204, g: 0.764151, b: 0.53964293, a: 1}
  - {r: 0.37126204, g: 0.764151, b: 0.53964293, a: 1}
  - {r: 0.37126204, g: 0.764151, b: 0.53964293, a: 1}
  - {r: 0.37126204, g: 0.764151, b: 0.53964293, a: 1}
  - {r: 0.37126204, g: 0.764151, b: 0.53964293, a: 1}
  - {r: 0.37126204, g: 0.764151, b: 0.53964293, a: 1}
  - {r: 0.37126204, g: 0.764151, b: 0.53964293, a: 1}
  - {r: 0.37126204, g: 0.764151, b: 0.53964293, a: 1}
  - {r: 0.7075472, g: 0.27416125, b: 0.12348701, a: 1}
  - {r: 0.7075472, g: 0.27416125, b: 0.12348701, a: 1}
  - {r: 0.7075472, g: 0.27416125, b: 0.12348701, a: 1}
  - {r: 0.7075472, g: 0.27416125, b: 0.12348701, a: 1}
  - {r: 0.7075472, g: 0.27416125, b: 0.12348701, a: 1}
  - {r: 0.7075472, g: 0.27416125, b: 0.12348701, a: 1}
  - {r: 0.7075472, g: 0.27416125, b: 0.12348701, a: 1}
  - {r: 0.7075472, g: 0.27416125, b: 0.12348701, a: 1}
  - {r: 0.37126204, g: 0.764151, b: 0.53964293, a: 1}
  - {r: 0.37126204, g: 0.764151, b: 0.53964293, a: 1}
  - {r: 0.37126204, g: 0.764151, b: 0.53964293, a: 1}
  - {r: 0.37126204, g: 0.764151, b: 0.53964293, a: 1}
  - {r: 0.37126204, g: 0.764151, b: 0.53964293, a: 1}
  - {r: 0.37126204, g: 0.764151, b: 0.53964293, a: 1}
  - {r: 0.37126204, g: 0.764151, b: 0.53964293, a: 1}
  - {r: 0.37126204, g: 0.764151, b: 0.53964293, a: 1}
  - {r: 0.37126204, g: 0.764151, b: 0.53964293, a: 1}
  - {r: 0.37126204, g: 0.764151, b: 0.53964293, a: 1}
  - {r: 0.37126204, g: 0.764151, b: 0.53964293, a: 1}
  - {r: 0.37126204, g: 0.764151, b: 0.53964293, a: 1}
  - {r: 0.37126204, g: 0.764151, b: 0.53964293, a: 1}
  - {r: 0.37126204, g: 0.764151, b: 0.53964293, a: 1}
  - {r: 0.37126204, g: 0.764151, b: 0.53964293, a: 1}
  - {r: 0.37126204, g: 0.764151, b: 0.53964293, a: 1}
  - {r: 0.37126204, g: 0.764151, b: 0.53964293, a: 1}
  - {r: 0.37126204, g: 0.764151, b: 0.53964293, a: 1}
  - {r: 0.37126204, g: 0.764151, b: 0.53964293, a: 1}
  - {r: 0.37126204, g: 0.764151, b: 0.53964293, a: 1}
  - {r: 0.37126204, g: 0.764151, b: 0.53964293, a: 1}
  - {r: 0.37126204, g: 0.764151, b: 0.53964293, a: 1}
  - {r: 0.37126204, g: 0.764151, b: 0.53964293, a: 1}
  - {r: 0.37126204, g: 0.764151, b: 0.53964293, a: 1}
  - {r: 0.37126204, g: 0.764151, b: 0.53964293, a: 1}
  - {r: 0.37126204, g: 0.764151, b: 0.53964293, a: 1}
  - {r: 0.37126204, g: 0.764151, b: 0.53964293, a: 1}
  - {r: 0.37126204, g: 0.764151, b: 0.53964293, a: 1}
  - {r: 0.37126204, g: 0.764151, b: 0.53964293, a: 1}
  - {r: 0.37126204, g: 0.764151, b: 0.53964293, a: 1}
  - {r: 0.37126204, g: 0.764151, b: 0.53964293, a: 1}
  - {r: 0.37126204, g: 0.764151, b: 0.53964293, a: 1}
  - {r: 0.37126204, g: 0.764151, b: 0.53964293, a: 1}
  - {r: 0.37126204, g: 0.764151, b: 0.53964293, a: 1}
  - {r: 0.37126204, g: 0.764151, b: 0.53964293, a: 1}
  - {r: 0.37126204, g: 0.764151, b: 0.53964293, a: 1}
  - {r: 0.37126204, g: 0.764151, b: 0.53964293, a: 1}
  - {r: 0.37126204, g: 0.764151, b: 0.53964293, a: 1}
  - {r: 0.37126204, g: 0.764151, b: 0.53964293, a: 1}
  - {r: 0.37126204, g: 0.764151, b: 0.53964293, a: 1}
  - {r: 0.37126204, g: 0.764151, b: 0.53964293, a: 1}
  - {r: 0.37126204, g: 0.764151, b: 0.53964293, a: 1}
  - {r: 0.37126204, g: 0.764151, b: 0.53964293, a: 1}
  - {r: 0.37126204, g: 0.764151, b: 0.53964293, a: 1}
  - {r: 0.37126204, g: 0.764151, b: 0.53964293, a: 1}
  - {r: 0.37126204, g: 0.764151, b: 0.53964293, a: 1}
  - {r: 0.37126204, g: 0.764151, b: 0.53964293, a: 1}
  - {r: 0.37126204, g: 0.764151, b: 0.53964293, a: 1}
  - {r: 0.37126204, g: 0.764151, b: 0.53964293, a: 1}
  - {r: 0.37126204, g: 0.764151, b: 0.53964293, a: 1}
  - {r: 0.37126204, g: 0.764151, b: 0.53964293, a: 1}
  - {r: 0.37126204, g: 0.764151, b: 0.53964293, a: 1}
  - {r: 0.37126204, g: 0.764151, b: 0.53964293, a: 1}
  - {r: 0.37126204, g: 0.764151, b: 0.53964293, a: 1}
  - {r: 0.37126204, g: 0.764151, b: 0.53964293, a: 1}
  - {r: 0.37126204, g: 0.764151, b: 0.53964293, a: 1}
  - {r: 0.37126204, g: 0.764151, b: 0.53964293, a: 1}
  - {r: 0.37126204, g: 0.764151, b: 0.53964293, a: 1}
  - {r: 0.37126204, g: 0.764151, b: 0.53964293, a: 1}
  - {r: 0.37126204, g: 0.764151, b: 0.53964293, a: 1}
  - {r: 0.37126204, g: 0.764151, b: 0.53964293, a: 1}
  - {r: 0.37126204, g: 0.764151, b: 0.53964293, a: 1}
  - {r: 0.37126204, g: 0.764151, b: 0.53964293, a: 1}
  - {r: 0.37126204, g: 0.764151, b: 0.53964293, a: 1}
  - {r: 0.37126204, g: 0.764151, b: 0.53964293, a: 1}
  - {r: 0.37126204, g: 0.764151, b: 0.53964293, a: 1}
  - {r: 0.37126204, g: 0.764151, b: 0.53964293, a: 1}
  - {r: 0.37126204, g: 0.764151, b: 0.53964293, a: 1}
  - {r: 0.37126204, g: 0.764151, b: 0.53964293, a: 1}
  - {r: 0.37126204, g: 0.764151, b: 0.53964293, a: 1}
  - {r: 0.37126204, g: 0.764151, b: 0.53964293, a: 1}
  - {r: 0.37126204, g: 0.764151, b: 0.53964293, a: 1}
  - {r: 0.7075472, g: 0.27416125, b: 0.12348701, a: 1}
  - {r: 0.7075472, g: 0.27416125, b: 0.12348701, a: 1}
  - {r: 0.7075472, g: 0.27416125, b: 0.12348701, a: 1}
  - {r: 0.7075472, g: 0.27416125, b: 0.12348701, a: 1}
  - {r: 0.7075472, g: 0.27416125, b: 0.12348701, a: 1}
  - {r: 0.37126204, g: 0.764151, b: 0.53964293, a: 1}
  - {r: 0.37126204, g: 0.764151, b: 0.53964293, a: 1}
  - {r: 0.37126204, g: 0.764151, b: 0.53964293, a: 1}
  - {r: 0.7075472, g: 0.27416125, b: 0.12348701, a: 1}
  - {r: 0.7075472, g: 0.27416125, b: 0.12348701, a: 1}
  - {r: 0.7075472, g: 0.27416125, b: 0.12348701, a: 1}
  - {r: 0.7075472, g: 0.27416125, b: 0.12348701, a: 1}
  - {r: 0.7075472, g: 0.27416125, b: 0.12348701, a: 1}
  - {r: 0.7075472, g: 0.27416125, b: 0.12348701, a: 1}
  - {r: 0.7075472, g: 0.27416125, b: 0.12348701, a: 1}
  - {r: 0.7075472, g: 0.27416125, b: 0.12348701, a: 1}
  - {r: 0.7075472, g: 0.27416125, b: 0.12348701, a: 1}
  - {r: 0.7075472, g: 0.27416125, b: 0.12348701, a: 1}
  - {r: 0.7075472, g: 0.27416125, b: 0.12348701, a: 1}
  - {r: 0.7075472, g: 0.27416125, b: 0.12348701, a: 1}
  - {r: 0.7075472, g: 0.27416125, b: 0.12348701, a: 1}
  - {r: 0.7075472, g: 0.27416125, b: 0.12348701, a: 1}
  - {r: 0.7075472, g: 0.27416125, b: 0.12348701, a: 1}
  - {r: 0.7075472, g: 0.27416125, b: 0.12348701, a: 1}
  - {r: 0.7075472, g: 0.27416125, b: 0.12348701, a: 1}
  - {r: 0.7075472, g: 0.27416125, b: 0.12348701, a: 1}
  - {r: 0.7075472, g: 0.27416125, b: 0.12348701, a: 1}
  - {r: 0.7075472, g: 0.27416125, b: 0.12348701, a: 1}
  - {r: 0.7075472, g: 0.27416125, b: 0.12348701, a: 1}
  - {r: 0.7075472, g: 0.27416125, b: 0.12348701, a: 1}
  - {r: 0.7075472, g: 0.27416125, b: 0.12348701, a: 1}
  - {r: 0.7075472, g: 0.27416125, b: 0.12348701, a: 1}
  - {r: 0.7075472, g: 0.27416125, b: 0.12348701, a: 1}
  - {r: 0.7075472, g: 0.27416125, b: 0.12348701, a: 1}
  - {r: 0.7075472, g: 0.27416125, b: 0.12348701, a: 1}
  - {r: 0.7075472, g: 0.27416125, b: 0.12348701, a: 1}
  - {r: 0.7075472, g: 0.27416125, b: 0.12348701, a: 1}
  - {r: 0.7075472, g: 0.27416125, b: 0.12348701, a: 1}
  - {r: 0.7075472, g: 0.27416125, b: 0.12348701, a: 1}
  - {r: 0.7075472, g: 0.27416125, b: 0.12348701, a: 1}
  - {r: 0.7075472, g: 0.27416125, b: 0.12348701, a: 1}
  - {r: 0.7075472, g: 0.27416125, b: 0.12348701, a: 1}
  - {r: 0.7075472, g: 0.27416125, b: 0.12348701, a: 1}
  - {r: 0.7075472, g: 0.27416125, b: 0.12348701, a: 1}
  - {r: 0.7075472, g: 0.27416125, b: 0.12348701, a: 1}
  - {r: 0.7075472, g: 0.27416125, b: 0.12348701, a: 1}
  - {r: 0.7075472, g: 0.27416125, b: 0.12348701, a: 1}
  - {r: 0.7075472, g: 0.27416125, b: 0.12348701, a: 1}
  - {r: 1, g: 1, b: 1, a: 1}
  - {r: 1, g: 1, b: 1, a: 1}
  - {r: 1, g: 1, b: 1, a: 1}
  - {r: 1, g: 1, b: 1, a: 1}
  - {r: 0.7075472, g: 0.27416125, b: 0.12348701, a: 1}
  - {r: 0.7075472, g: 0.27416125, b: 0.12348701, a: 1}
  - {r: 0.7075472, g: 0.27416125, b: 0.12348701, a: 1}
  - {r: 0.7075472, g: 0.27416125, b: 0.12348701, a: 1}
  - {r: 0.7075472, g: 0.27416125, b: 0.12348701, a: 1}
  - {r: 0.7075472, g: 0.27416125, b: 0.12348701, a: 1}
  - {r: 0.7075472, g: 0.27416125, b: 0.12348701, a: 1}
  - {r: 0.7075472, g: 0.27416125, b: 0.12348701, a: 1}
  - {r: 0.7075472, g: 0.27416125, b: 0.12348701, a: 1}
  - {r: 0.7075472, g: 0.27416125, b: 0.12348701, a: 1}
  - {r: 0.7075472, g: 0.27416125, b: 0.12348701, a: 1}
  - {r: 0.7075472, g: 0.27416125, b: 0.12348701, a: 1}
  - {r: 0.7075472, g: 0.27416125, b: 0.12348701, a: 1}
  - {r: 0.7075472, g: 0.27416125, b: 0.12348701, a: 1}
  - {r: 0.7075472, g: 0.27416125, b: 0.12348701, a: 1}
  - {r: 0.7075472, g: 0.27416125, b: 0.12348701, a: 1}
  - {r: 0.7075472, g: 0.27416125, b: 0.12348701, a: 1}
  - {r: 0.7075472, g: 0.27416125, b: 0.12348701, a: 1}
  - {r: 0.7075472, g: 0.27416125, b: 0.12348701, a: 1}
  - {r: 0.7075472, g: 0.27416125, b: 0.12348701, a: 1}
  - {r: 0.7075472, g: 0.27416125, b: 0.12348701, a: 1}
  - {r: 0.7075472, g: 0.27416125, b: 0.12348701, a: 1}
  - {r: 0.7075472, g: 0.27416125, b: 0.12348701, a: 1}
  - {r: 0.7075472, g: 0.27416125, b: 0.12348701, a: 1}
  - {r: 0.7075472, g: 0.27416125, b: 0.12348701, a: 1}
  - {r: 0.7075472, g: 0.27416125, b: 0.12348701, a: 1}
  - {r: 0.7075472, g: 0.27416125, b: 0.12348701, a: 1}
  - {r: 0.7075472, g: 0.27416125, b: 0.12348701, a: 1}
  m_UnwrapParameters:
    m_HardAngle: 88
    m_PackMargin: 20
    m_AngleError: 8
    m_AreaError: 15
  m_PreserveMeshAssetOnDestroy: 0
  assetGuid: 
  m_IsSelectable: 1
  m_SelectedFaces: 00000000010000000300000002000000140000001500000017000000060000000700000008000000090000000a0000000b0000000c0000000d0000000e0000000f00000010000000110000001200000013000000
  m_SelectedEdges:
  - a: 0
    b: 1
  - a: 2
    b: 0
  - a: 1
    b: 3
  - a: 3
    b: 2
  - a: 4
    b: 5
  - a: 6
    b: 4
  - a: 5
    b: 7
  - a: 7
    b: 6
  - a: 12
    b: 13
  - a: 14
    b: 12
  - a: 13
    b: 15
  - a: 15
    b: 14
  - a: 8
    b: 9
  - a: 10
    b: 8
  - a: 9
    b: 11
  - a: 11
    b: 10
  - a: 89
    b: 90
  - a: 88
    b: 89
  - a: 87
    b: 88
  - a: 90
    b: 86
  - a: 86
    b: 87
  - a: 94
    b: 95
  - a: 95
    b: 91
  - a: 93
    b: 94
  - a: 92
    b: 93
  - a: 91
    b: 92
  - a: 103
    b: 102
  - a: 102
    b: 101
  - a: 101
    b: 103
  - a: 25
    b: 24
  - a: 24
    b: 26
  - a: 26
    b: 27
  - a: 27
    b: 25
  - a: 29
    b: 28
  - a: 28
    b: 30
  - a: 30
    b: 31
  - a: 31
    b: 29
  - a: 33
    b: 32
  - a: 32
    b: 34
  - a: 34
    b: 35
  - a: 35
    b: 33
  - a: 38
    b: 39
  - a: 39
    b: 36
  - a: 36
    b: 37
  - a: 37
    b: 38
  - a: 42
    b: 43
  - a: 43
    b: 40
  - a: 40
    b: 41
  - a: 41
    b: 42
  - a: 48
    b: 44
  - a: 44
    b: 45
  - a: 47
    b: 48
  - a: 45
    b: 46
  - a: 46
    b: 47
  - a: 49
    b: 50
  - a: 52
    b: 49
  - a: 50
    b: 51
  - a: 51
    b: 52
  - a: 53
    b: 54
  - a: 56
    b: 53
  - a: 54
    b: 55
  - a: 55
    b: 56
  - a: 57
    b: 58
  - a: 61
    b: 57
  - a: 60
    b: 61
  - a: 58
    b: 59
  - a: 59
    b: 60
  - a: 63
    b: 64
  - a: 64
    b: 65
  - a: 65
    b: 66
  - a: 66
    b: 62
  - a: 62
    b: 63
  - a: 69
    b: 70
  - a: 70
    b: 67
  - a: 67
    b: 68
  - a: 68
    b: 69
  - a: 73
    b: 74
  - a: 74
    b: 71
  - a: 71
    b: 72
  - a: 72
    b: 73
  - a: 75
    b: 76
  - a: 76
    b: 77
  - a: 77
    b: 78
  - a: 78
    b: 79
  - a: 79
    b: 75
  - a: 80
    b: 81
  - a: 81
    b: 82
  - a: 85
    b: 80
  - a: 84
    b: 85
  - a: 83
    b: 84
  - a: 82
    b: 83
  m_SelectedVertices: 00000000010000000200000003000000040000000500000006000000070000000c0000000d0000000e0000000f00000008000000090000000a0000000b000000590000005a0000005800000057000000560000005e0000005f0000005b0000005d0000005c0000006700000066000000650000001a00000019000000180000001b0000001e0000001d0000001c0000001f00000022000000210000002000000023000000260000002700000024000000250000002a0000002b0000002800000029000000300000002c0000002d0000002f0000002e0000003100000032000000340000003300000035000000360000003800000037000000390000003a0000003d0000003c0000003b000000410000003f00000040000000420000003e00000045000000460000004300000044000000490000004a00000047000000480000004b0000004c0000004e0000004d0000004f000000500000005100000052000000550000005400000053000000
--- !u!64 &930732488587191889
MeshCollider:
  m_ObjectHideFlags: 0
  m_CorrespondingSourceObject: {fileID: 0}
  m_PrefabInstance: {fileID: 0}
  m_PrefabAsset: {fileID: 0}
  m_GameObject: {fileID: 930732488587191888}
  m_Material: {fileID: 0}
  m_IsTrigger: 0
  m_Enabled: 1
  serializedVersion: 3
  m_Convex: 0
  m_CookingOptions: 14
  m_Mesh: {fileID: 0}
