%YAML 1.1
%TAG !u! tag:unity3d.com,2011:
--- !u!29 &1
OcclusionCullingSettings:
  m_ObjectHideFlags: 0
  serializedVersion: 2
  m_OcclusionBakeSettings:
    smallestOccluder: 5
    smallestHole: 0.25
    backfaceThreshold: 100
  m_SceneGUID: 00000000000000000000000000000000
  m_OcclusionCullingData: {fileID: 0}
--- !u!104 &2
RenderSettings:
  m_ObjectHideFlags: 0
  serializedVersion: 9
  m_Fog: 0
  m_FogColor: {r: 0.5, g: 0.5, b: 0.5, a: 1}
  m_FogMode: 3
  m_FogDensity: 0.01
  m_LinearFogStart: 0
  m_LinearFogEnd: 300
  m_AmbientSkyColor: {r: 0.212, g: 0.227, b: 0.259, a: 1}
  m_AmbientEquatorColor: {r: 0.114, g: 0.125, b: 0.133, a: 1}
  m_AmbientGroundColor: {r: 0.047, g: 0.043, b: 0.035, a: 1}
  m_AmbientIntensity: 1
  m_AmbientMode: 0
  m_SubtractiveShadowColor: {r: 0.42, g: 0.478, b: 0.627, a: 1}
  m_SkyboxMaterial: {fileID: 10304, guid: 0000000000000000f000000000000000, type: 0}
  m_HaloStrength: 0.5
  m_FlareStrength: 1
  m_FlareFadeSpeed: 3
  m_HaloTexture: {fileID: 0}
  m_SpotCookie: {fileID: 10001, guid: 0000000000000000e000000000000000, type: 0}
  m_DefaultReflectionMode: 0
  m_DefaultReflectionResolution: 128
  m_ReflectionBounces: 1
  m_ReflectionIntensity: 1
  m_CustomReflection: {fileID: 0}
  m_Sun: {fileID: 0}
  m_IndirectSpecularColor: {r: 0, g: 0, b: 0, a: 1}
  m_UseRadianceAmbientProbe: 0
--- !u!157 &3
LightmapSettings:
  m_ObjectHideFlags: 0
  serializedVersion: 11
  m_GIWorkflowMode: 1
  m_GISettings:
    serializedVersion: 2
    m_BounceScale: 1
    m_IndirectOutputScale: 1
    m_AlbedoBoost: 1
    m_EnvironmentLightingMode: 0
    m_EnableBakedLightmaps: 1
    m_EnableRealtimeLightmaps: 1
  m_LightmapEditorSettings:
    serializedVersion: 12
    m_Resolution: 2
    m_BakeResolution: 40
    m_AtlasSize: 1024
    m_AO: 0
    m_AOMaxDistance: 1
    m_CompAOExponent: 1
    m_CompAOExponentDirect: 0
    m_ExtractAmbientOcclusion: 0
    m_Padding: 2
    m_LightmapParameters: {fileID: 0}
    m_LightmapsBakeMode: 1
    m_TextureCompression: 1
    m_FinalGather: 0
    m_FinalGatherFiltering: 1
    m_FinalGatherRayCount: 256
    m_ReflectionCompression: 2
    m_MixedBakeMode: 2
    m_BakeBackend: 1
    m_PVRSampling: 1
    m_PVRDirectSampleCount: 32
    m_PVRSampleCount: 512
    m_PVRBounces: 2
    m_PVREnvironmentSampleCount: 256
    m_PVREnvironmentReferencePointCount: 2048
    m_PVRFilteringMode: 1
    m_PVRDenoiserTypeDirect: 1
    m_PVRDenoiserTypeIndirect: 1
    m_PVRDenoiserTypeAO: 1
    m_PVRFilterTypeDirect: 0
    m_PVRFilterTypeIndirect: 0
    m_PVRFilterTypeAO: 0
    m_PVREnvironmentMIS: 1
    m_PVRCulling: 1
    m_PVRFilteringGaussRadiusDirect: 1
    m_PVRFilteringGaussRadiusIndirect: 5
    m_PVRFilteringGaussRadiusAO: 2
    m_PVRFilteringAtrousPositionSigmaDirect: 0.5
    m_PVRFilteringAtrousPositionSigmaIndirect: 2
    m_PVRFilteringAtrousPositionSigmaAO: 1
    m_ShowResolutionOverlay: 1
    m_ExportTrainingData: 0
  m_LightingDataAsset: {fileID: 0}
  m_UseShadowmask: 1
--- !u!196 &4
NavMeshSettings:
  serializedVersion: 2
  m_ObjectHideFlags: 0
  m_BuildSettings:
    serializedVersion: 2
    agentTypeID: 0
    agentRadius: 0.5
    agentHeight: 2
    agentSlope: 45
    agentClimb: 0.4
    ledgeDropHeight: 0
    maxJumpAcrossDistance: 0
    minRegionArea: 2
    manualCellSize: 0
    cellSize: 0.16666667
    manualTileSize: 0
    tileSize: 256
    accuratePlacement: 0
    debug:
      m_Flags: 0
  m_NavMeshData: {fileID: 0}
--- !u!1 &66476027 stripped
GameObject:
  m_CorrespondingSourceObject: {fileID: 1105162516731047016, guid: 8e792923b9b1f004998a3e3baa45915f,
    type: 3}
  m_PrefabInstance: {fileID: 1957487028}
  m_PrefabAsset: {fileID: 0}
--- !u!1 &174042251 stripped
GameObject:
  m_CorrespondingSourceObject: {fileID: 6711485472822692392, guid: 2d7e6c5b3d99f1242bb24cd42730a598,
    type: 3}
  m_PrefabInstance: {fileID: 1671217123}
  m_PrefabAsset: {fileID: 0}
--- !u!1 &280005096 stripped
GameObject:
  m_CorrespondingSourceObject: {fileID: 281512090658380350, guid: 8e792923b9b1f004998a3e3baa45915f,
    type: 3}
  m_PrefabInstance: {fileID: 1957487028}
  m_PrefabAsset: {fileID: 0}
--- !u!1 &726914668 stripped
GameObject:
  m_CorrespondingSourceObject: {fileID: 8655105351363534556, guid: 8e792923b9b1f004998a3e3baa45915f,
    type: 3}
  m_PrefabInstance: {fileID: 1957487028}
  m_PrefabAsset: {fileID: 0}
--- !u!1 &929506846 stripped
GameObject:
  m_CorrespondingSourceObject: {fileID: 1740525674045579219, guid: 2d7e6c5b3d99f1242bb24cd42730a598,
    type: 3}
  m_PrefabInstance: {fileID: 1671217123}
  m_PrefabAsset: {fileID: 0}
--- !u!4 &946182127 stripped
Transform:
  m_CorrespondingSourceObject: {fileID: 9042904398131886309, guid: 8e792923b9b1f004998a3e3baa45915f,
    type: 3}
  m_PrefabInstance: {fileID: 1957487028}
  m_PrefabAsset: {fileID: 0}
--- !u!1 &1208450708
GameObject:
  m_ObjectHideFlags: 0
  m_CorrespondingSourceObject: {fileID: 0}
  m_PrefabInstance: {fileID: 0}
  m_PrefabAsset: {fileID: 0}
  serializedVersion: 6
  m_Component:
  - component: {fileID: 1208450710}
  - component: {fileID: 1208450709}
  m_Layer: 0
  m_Name: Directional Light
  m_TagString: Untagged
  m_Icon: {fileID: 0}
  m_NavMeshLayer: 0
  m_StaticEditorFlags: 0
  m_IsActive: 1
--- !u!108 &1208450709
Light:
  m_ObjectHideFlags: 0
  m_CorrespondingSourceObject: {fileID: 0}
  m_PrefabInstance: {fileID: 0}
  m_PrefabAsset: {fileID: 0}
  m_GameObject: {fileID: 1208450708}
  m_Enabled: 1
  serializedVersion: 9
  m_Type: 1
  m_Color: {r: 1, g: 0.95686275, b: 0.8392157, a: 1}
  m_Intensity: 1
  m_Range: 10
  m_SpotAngle: 30
  m_InnerSpotAngle: 21.80208
  m_CookieSize: 10
  m_Shadows:
    m_Type: 2
    m_Resolution: -1
    m_CustomResolution: -1
    m_Strength: 1
    m_Bias: 0.05
    m_NormalBias: 0.4
    m_NearPlane: 0.2
    m_CullingMatrixOverride:
      e00: 1
      e01: 0
      e02: 0
      e03: 0
      e10: 0
      e11: 1
      e12: 0
      e13: 0
      e20: 0
      e21: 0
      e22: 1
      e23: 0
      e30: 0
      e31: 0
      e32: 0
      e33: 1
    m_UseCullingMatrixOverride: 0
  m_Cookie: {fileID: 0}
  m_DrawHalo: 0
  m_Flare: {fileID: 0}
  m_RenderMode: 0
  m_CullingMask:
    serializedVersion: 2
    m_Bits: 4294967295
  m_RenderingLayerMask: 1
  m_Lightmapping: 4
  m_LightShadowCasterMode: 0
  m_AreaSize: {x: 1, y: 1}
  m_BounceIntensity: 1
  m_ColorTemperature: 6570
  m_UseColorTemperature: 0
  m_BoundingSphereOverride: {x: 0, y: 0, z: 0, w: 0}
  m_UseBoundingSphereOverride: 0
  m_ShadowRadius: 0
  m_ShadowAngle: 0
--- !u!4 &1208450710
Transform:
  m_ObjectHideFlags: 0
  m_CorrespondingSourceObject: {fileID: 0}
  m_PrefabInstance: {fileID: 0}
  m_PrefabAsset: {fileID: 0}
  m_GameObject: {fileID: 1208450708}
  m_LocalRotation: {x: 0.40821788, y: -0.23456968, z: 0.10938163, w: 0.8754261}
  m_LocalPosition: {x: 0, y: 3, z: 0}
  m_LocalScale: {x: 1, y: 1, z: 1}
  m_Children: []
  m_Father: {fileID: 0}
  m_RootOrder: 1
  m_LocalEulerAnglesHint: {x: 50, y: -30, z: 0}
--- !u!1 &1224308840 stripped
GameObject:
  m_CorrespondingSourceObject: {fileID: 2835445771675323479, guid: 8e792923b9b1f004998a3e3baa45915f,
    type: 3}
  m_PrefabInstance: {fileID: 1957487028}
  m_PrefabAsset: {fileID: 0}
--- !u!1 &1314794547 stripped
GameObject:
  m_CorrespondingSourceObject: {fileID: 4402680882297473831, guid: 8e792923b9b1f004998a3e3baa45915f,
    type: 3}
  m_PrefabInstance: {fileID: 1957487028}
  m_PrefabAsset: {fileID: 0}
--- !u!1 &1507624052
GameObject:
  m_ObjectHideFlags: 0
  m_CorrespondingSourceObject: {fileID: 0}
  m_PrefabInstance: {fileID: 0}
  m_PrefabAsset: {fileID: 0}
  serializedVersion: 6
  m_Component:
  - component: {fileID: 1507624055}
  - component: {fileID: 1507624054}
  - component: {fileID: 1507624053}
  m_Layer: 0
  m_Name: Main Camera
  m_TagString: MainCamera
  m_Icon: {fileID: 0}
  m_NavMeshLayer: 0
  m_StaticEditorFlags: 0
  m_IsActive: 1
--- !u!81 &1507624053
AudioListener:
  m_ObjectHideFlags: 0
  m_CorrespondingSourceObject: {fileID: 0}
  m_PrefabInstance: {fileID: 0}
  m_PrefabAsset: {fileID: 0}
  m_GameObject: {fileID: 1507624052}
  m_Enabled: 1
--- !u!20 &1507624054
Camera:
  m_ObjectHideFlags: 0
  m_CorrespondingSourceObject: {fileID: 0}
  m_PrefabInstance: {fileID: 0}
  m_PrefabAsset: {fileID: 0}
  m_GameObject: {fileID: 1507624052}
  m_Enabled: 1
  serializedVersion: 2
  m_ClearFlags: 2
  m_BackGroundColor: {r: 0.19215687, g: 0.3019608, b: 0.4745098, a: 0}
  m_projectionMatrixMode: 1
  m_GateFitMode: 2
  m_FOVAxisMode: 0
  m_SensorSize: {x: 36, y: 24}
  m_LensShift: {x: 0, y: 0}
  m_FocalLength: 50
  m_NormalizedViewPortRect:
    serializedVersion: 2
    x: 0
    y: 0
    width: 1
    height: 1
  near clip plane: 0.3
  far clip plane: 1000
  field of view: 60
  orthographic: 0
  orthographic size: 5
  m_Depth: -1
  m_CullingMask:
    serializedVersion: 2
    m_Bits: 4294967295
  m_RenderingPath: -1
  m_TargetTexture: {fileID: 0}
  m_TargetDisplay: 0
  m_TargetEye: 3
  m_HDR: 1
  m_AllowMSAA: 1
  m_AllowDynamicResolution: 0
  m_ForceIntoRT: 0
  m_OcclusionCulling: 1
  m_StereoConvergence: 10
  m_StereoSeparation: 0.022
--- !u!4 &1507624055
Transform:
  m_ObjectHideFlags: 0
  m_CorrespondingSourceObject: {fileID: 0}
  m_PrefabInstance: {fileID: 0}
  m_PrefabAsset: {fileID: 0}
  m_GameObject: {fileID: 1507624052}
  m_LocalRotation: {x: 0, y: 0, z: 0, w: 1}
  m_LocalPosition: {x: 0, y: 1, z: -10}
  m_LocalScale: {x: 1, y: 1, z: 1}
  m_Children: []
  m_Father: {fileID: 0}
  m_RootOrder: 0
  m_LocalEulerAnglesHint: {x: 0, y: 0, z: 0}
--- !u!1 &1513746673 stripped
GameObject:
  m_CorrespondingSourceObject: {fileID: 1874312666044038864, guid: 8e792923b9b1f004998a3e3baa45915f,
    type: 3}
  m_PrefabInstance: {fileID: 1957487028}
  m_PrefabAsset: {fileID: 0}
--- !u!1 &1595926522 stripped
GameObject:
  m_CorrespondingSourceObject: {fileID: 8029031797136338279, guid: 2d7e6c5b3d99f1242bb24cd42730a598,
    type: 3}
  m_PrefabInstance: {fileID: 1671217123}
  m_PrefabAsset: {fileID: 0}
--- !u!1001 &1671217123
PrefabInstance:
  m_ObjectHideFlags: 0
  serializedVersion: 2
  m_Modification:
    m_TransformParent: {fileID: 0}
    m_Modifications:
    - target: {fileID: 6804780722714606134, guid: 2d7e6c5b3d99f1242bb24cd42730a598,
        type: 3}
      propertyPath: m_Name
      value: EnemyMelee
      objectReference: {fileID: 0}
    - target: {fileID: 6804780722714606134, guid: 2d7e6c5b3d99f1242bb24cd42730a598,
        type: 3}
      propertyPath: m_IsActive
      value: 0
      objectReference: {fileID: 0}
    - target: {fileID: 7508672501325662245, guid: 2d7e6c5b3d99f1242bb24cd42730a598,
        type: 3}
      propertyPath: m_LocalPosition.x
      value: 0
      objectReference: {fileID: 0}
    - target: {fileID: 7508672501325662245, guid: 2d7e6c5b3d99f1242bb24cd42730a598,
        type: 3}
      propertyPath: m_LocalPosition.y
      value: 0
      objectReference: {fileID: 0}
    - target: {fileID: 7508672501325662245, guid: 2d7e6c5b3d99f1242bb24cd42730a598,
        type: 3}
      propertyPath: m_LocalPosition.z
      value: 0
      objectReference: {fileID: 0}
    - target: {fileID: 7508672501325662245, guid: 2d7e6c5b3d99f1242bb24cd42730a598,
        type: 3}
      propertyPath: m_LocalRotation.x
      value: 0
      objectReference: {fileID: 0}
    - target: {fileID: 7508672501325662245, guid: 2d7e6c5b3d99f1242bb24cd42730a598,
        type: 3}
      propertyPath: m_LocalRotation.y
      value: 0
      objectReference: {fileID: 0}
    - target: {fileID: 7508672501325662245, guid: 2d7e6c5b3d99f1242bb24cd42730a598,
        type: 3}
      propertyPath: m_LocalRotation.z
      value: 0
      objectReference: {fileID: 0}
    - target: {fileID: 7508672501325662245, guid: 2d7e6c5b3d99f1242bb24cd42730a598,
        type: 3}
      propertyPath: m_LocalRotation.w
      value: 1
      objectReference: {fileID: 0}
    - target: {fileID: 7508672501325662245, guid: 2d7e6c5b3d99f1242bb24cd42730a598,
        type: 3}
      propertyPath: m_RootOrder
      value: 2
      objectReference: {fileID: 0}
    - target: {fileID: 7508672501325662245, guid: 2d7e6c5b3d99f1242bb24cd42730a598,
        type: 3}
      propertyPath: m_LocalEulerAnglesHint.x
      value: 0
      objectReference: {fileID: 0}
    - target: {fileID: 7508672501325662245, guid: 2d7e6c5b3d99f1242bb24cd42730a598,
        type: 3}
      propertyPath: m_LocalEulerAnglesHint.y
      value: 0
      objectReference: {fileID: 0}
    - target: {fileID: 7508672501325662245, guid: 2d7e6c5b3d99f1242bb24cd42730a598,
        type: 3}
      propertyPath: m_LocalEulerAnglesHint.z
      value: 0
      objectReference: {fileID: 0}
    m_RemovedComponents: []
  m_SourcePrefab: {fileID: 100100000, guid: 2d7e6c5b3d99f1242bb24cd42730a598, type: 3}
--- !u!1 &1744012720 stripped
GameObject:
  m_CorrespondingSourceObject: {fileID: 8806912102068781023, guid: 2d7e6c5b3d99f1242bb24cd42730a598,
    type: 3}
  m_PrefabInstance: {fileID: 1671217123}
  m_PrefabAsset: {fileID: 0}
--- !u!1 &1822650664 stripped
GameObject:
  m_CorrespondingSourceObject: {fileID: 8660585239990653200, guid: 2d7e6c5b3d99f1242bb24cd42730a598,
    type: 3}
  m_PrefabInstance: {fileID: 1671217123}
  m_PrefabAsset: {fileID: 0}
--- !u!1001 &1957487028
PrefabInstance:
  m_ObjectHideFlags: 0
  serializedVersion: 2
  m_Modification:
    m_TransformParent: {fileID: 0}
    m_Modifications:
    - target: {fileID: 4491771728571169593, guid: 8e792923b9b1f004998a3e3baa45915f,
        type: 3}
      propertyPath: m_Name
      value: BasicEnemyRange
      objectReference: {fileID: 0}
    - target: {fileID: 580580958893672746, guid: 8e792923b9b1f004998a3e3baa45915f,
        type: 3}
      propertyPath: m_LocalPosition.x
      value: 1.1301727
      objectReference: {fileID: 0}
    - target: {fileID: 580580958893672746, guid: 8e792923b9b1f004998a3e3baa45915f,
        type: 3}
      propertyPath: m_LocalPosition.y
      value: -2
      objectReference: {fileID: 0}
    - target: {fileID: 580580958893672746, guid: 8e792923b9b1f004998a3e3baa45915f,
        type: 3}
      propertyPath: m_LocalPosition.z
      value: 2.3581543
      objectReference: {fileID: 0}
    - target: {fileID: 580580958893672746, guid: 8e792923b9b1f004998a3e3baa45915f,
        type: 3}
      propertyPath: m_LocalRotation.x
      value: 0
      objectReference: {fileID: 0}
    - target: {fileID: 580580958893672746, guid: 8e792923b9b1f004998a3e3baa45915f,
        type: 3}
      propertyPath: m_LocalRotation.y
      value: 0
      objectReference: {fileID: 0}
    - target: {fileID: 580580958893672746, guid: 8e792923b9b1f004998a3e3baa45915f,
        type: 3}
      propertyPath: m_LocalRotation.z
      value: 0
      objectReference: {fileID: 0}
    - target: {fileID: 580580958893672746, guid: 8e792923b9b1f004998a3e3baa45915f,
        type: 3}
      propertyPath: m_LocalRotation.w
      value: 1
      objectReference: {fileID: 0}
    - target: {fileID: 580580958893672746, guid: 8e792923b9b1f004998a3e3baa45915f,
        type: 3}
      propertyPath: m_RootOrder
      value: 4
      objectReference: {fileID: 0}
    - target: {fileID: 580580958893672746, guid: 8e792923b9b1f004998a3e3baa45915f,
        type: 3}
      propertyPath: m_LocalEulerAnglesHint.x
      value: 0
      objectReference: {fileID: 0}
    - target: {fileID: 580580958893672746, guid: 8e792923b9b1f004998a3e3baa45915f,
        type: 3}
      propertyPath: m_LocalEulerAnglesHint.y
      value: 0
      objectReference: {fileID: 0}
    - target: {fileID: 580580958893672746, guid: 8e792923b9b1f004998a3e3baa45915f,
        type: 3}
      propertyPath: m_LocalEulerAnglesHint.z
      value: 0
      objectReference: {fileID: 0}
    m_RemovedComponents: []
  m_SourcePrefab: {fileID: 100100000, guid: 8e792923b9b1f004998a3e3baa45915f, type: 3}
--- !u!1 &2018432875 stripped
GameObject:
  m_CorrespondingSourceObject: {fileID: 8526643509014576934, guid: 2d7e6c5b3d99f1242bb24cd42730a598,
    type: 3}
  m_PrefabInstance: {fileID: 1671217123}
  m_PrefabAsset: {fileID: 0}
--- !u!1001 &6070670079695120090
PrefabInstance:
  m_ObjectHideFlags: 0
  serializedVersion: 2
  m_Modification:
    m_TransformParent: {fileID: 0}
    m_Modifications:
    - target: {fileID: 7196444346311952755, guid: 984e4e884eb6c164ebd1382bfd11ca2d,
        type: 3}
      propertyPath: m_Name
      value: ChinaSoldierMelee
      objectReference: {fileID: 0}
    - target: {fileID: 6162527213986790240, guid: 984e4e884eb6c164ebd1382bfd11ca2d,
        type: 3}
      propertyPath: m_LocalPosition.x
      value: 0
      objectReference: {fileID: 0}
    - target: {fileID: 6162527213986790240, guid: 984e4e884eb6c164ebd1382bfd11ca2d,
        type: 3}
      propertyPath: m_LocalPosition.y
      value: 0
      objectReference: {fileID: 0}
    - target: {fileID: 6162527213986790240, guid: 984e4e884eb6c164ebd1382bfd11ca2d,
        type: 3}
      propertyPath: m_LocalPosition.z
      value: 0
      objectReference: {fileID: 0}
    - target: {fileID: 6162527213986790240, guid: 984e4e884eb6c164ebd1382bfd11ca2d,
        type: 3}
      propertyPath: m_LocalRotation.x
      value: 0
      objectReference: {fileID: 0}
    - target: {fileID: 6162527213986790240, guid: 984e4e884eb6c164ebd1382bfd11ca2d,
        type: 3}
      propertyPath: m_LocalRotation.y
      value: 0
      objectReference: {fileID: 0}
    - target: {fileID: 6162527213986790240, guid: 984e4e884eb6c164ebd1382bfd11ca2d,
        type: 3}
      propertyPath: m_LocalRotation.z
      value: 0
      objectReference: {fileID: 0}
    - target: {fileID: 6162527213986790240, guid: 984e4e884eb6c164ebd1382bfd11ca2d,
        type: 3}
      propertyPath: m_LocalRotation.w
      value: 1
      objectReference: {fileID: 0}
    - target: {fileID: 6162527213986790240, guid: 984e4e884eb6c164ebd1382bfd11ca2d,
        type: 3}
      propertyPath: m_RootOrder
      value: 3
      objectReference: {fileID: 0}
    - target: {fileID: 6162527213986790240, guid: 984e4e884eb6c164ebd1382bfd11ca2d,
        type: 3}
      propertyPath: m_LocalEulerAnglesHint.x
      value: 0
      objectReference: {fileID: 0}
    - target: {fileID: 6162527213986790240, guid: 984e4e884eb6c164ebd1382bfd11ca2d,
        type: 3}
      propertyPath: m_LocalEulerAnglesHint.y
      value: 0
      objectReference: {fileID: 0}
    - target: {fileID: 6162527213986790240, guid: 984e4e884eb6c164ebd1382bfd11ca2d,
        type: 3}
      propertyPath: m_LocalEulerAnglesHint.z
      value: 0
      objectReference: {fileID: 0}
    - target: {fileID: 4839510025655928519, guid: 984e4e884eb6c164ebd1382bfd11ca2d,
        type: 3}
      propertyPath: EnemyBodyParts.Array.data[0]
      value: 
      objectReference: {fileID: 1595926522}
    - target: {fileID: 4839510025655928519, guid: 984e4e884eb6c164ebd1382bfd11ca2d,
        type: 3}
      propertyPath: EnemyBodyParts.Array.data[1]
      value: 
      objectReference: {fileID: 174042251}
    - target: {fileID: 4839510025655928519, guid: 984e4e884eb6c164ebd1382bfd11ca2d,
        type: 3}
      propertyPath: EnemyBodyParts.Array.data[2]
      value: 
      objectReference: {fileID: 929506846}
    - target: {fileID: 4839510025655928519, guid: 984e4e884eb6c164ebd1382bfd11ca2d,
        type: 3}
      propertyPath: EnemyBodyParts.Array.data[3]
      value: 
      objectReference: {fileID: 1744012720}
    - target: {fileID: 4839510025655928519, guid: 984e4e884eb6c164ebd1382bfd11ca2d,
        type: 3}
      propertyPath: EnemyBodyParts.Array.data[4]
      value: 
      objectReference: {fileID: 2018432875}
    - target: {fileID: 4839510025655928519, guid: 984e4e884eb6c164ebd1382bfd11ca2d,
        type: 3}
      propertyPath: MeleeObject
      value: 
      objectReference: {fileID: 1822650664}
    m_RemovedComponents: []
  m_SourcePrefab: {fileID: 100100000, guid: 984e4e884eb6c164ebd1382bfd11ca2d, type: 3}
--- !u!1001 &9186982400601149349
PrefabInstance:
  m_ObjectHideFlags: 0
  serializedVersion: 2
  m_Modification:
    m_TransformParent: {fileID: 0}
    m_Modifications:
    - target: {fileID: 781859205860505553, guid: ac34dc0dbefd11142aef08523a769ddf,
        type: 3}
      propertyPath: m_Name
      value: ChinaSoldierRange
      objectReference: {fileID: 0}
    - target: {fileID: 4360294877246375362, guid: ac34dc0dbefd11142aef08523a769ddf,
        type: 3}
      propertyPath: m_LocalPosition.x
      value: 3.0625
      objectReference: {fileID: 0}
    - target: {fileID: 4360294877246375362, guid: ac34dc0dbefd11142aef08523a769ddf,
        type: 3}
      propertyPath: m_LocalPosition.y
      value: 0
      objectReference: {fileID: 0}
    - target: {fileID: 4360294877246375362, guid: ac34dc0dbefd11142aef08523a769ddf,
        type: 3}
      propertyPath: m_LocalPosition.z
      value: 0
      objectReference: {fileID: 0}
    - target: {fileID: 4360294877246375362, guid: ac34dc0dbefd11142aef08523a769ddf,
        type: 3}
      propertyPath: m_LocalRotation.x
      value: 0
      objectReference: {fileID: 0}
    - target: {fileID: 4360294877246375362, guid: ac34dc0dbefd11142aef08523a769ddf,
        type: 3}
      propertyPath: m_LocalRotation.y
      value: 0
      objectReference: {fileID: 0}
    - target: {fileID: 4360294877246375362, guid: ac34dc0dbefd11142aef08523a769ddf,
        type: 3}
      propertyPath: m_LocalRotation.z
      value: 0
      objectReference: {fileID: 0}
    - target: {fileID: 4360294877246375362, guid: ac34dc0dbefd11142aef08523a769ddf,
        type: 3}
      propertyPath: m_LocalRotation.w
      value: 1
      objectReference: {fileID: 0}
    - target: {fileID: 4360294877246375362, guid: ac34dc0dbefd11142aef08523a769ddf,
        type: 3}
      propertyPath: m_RootOrder
      value: 5
      objectReference: {fileID: 0}
    - target: {fileID: 4360294877246375362, guid: ac34dc0dbefd11142aef08523a769ddf,
        type: 3}
      propertyPath: m_LocalEulerAnglesHint.x
      value: 0
      objectReference: {fileID: 0}
    - target: {fileID: 4360294877246375362, guid: ac34dc0dbefd11142aef08523a769ddf,
        type: 3}
      propertyPath: m_LocalEulerAnglesHint.y
      value: 0
      objectReference: {fileID: 0}
    - target: {fileID: 4360294877246375362, guid: ac34dc0dbefd11142aef08523a769ddf,
        type: 3}
      propertyPath: m_LocalEulerAnglesHint.z
      value: 0
      objectReference: {fileID: 0}
    - target: {fileID: 665367566358245200, guid: ac34dc0dbefd11142aef08523a769ddf,
        type: 3}
      propertyPath: Cocoon
      value: 
      objectReference: {fileID: 1224308840}
    - target: {fileID: 665367566358245200, guid: ac34dc0dbefd11142aef08523a769ddf,
        type: 3}
      propertyPath: EnemyBodyParts.Array.data[0]
      value: 
      objectReference: {fileID: 66476027}
    - target: {fileID: 665367566358245200, guid: ac34dc0dbefd11142aef08523a769ddf,
        type: 3}
      propertyPath: EnemyBodyParts.Array.data[1]
      value: 
      objectReference: {fileID: 1314794547}
    - target: {fileID: 665367566358245200, guid: ac34dc0dbefd11142aef08523a769ddf,
        type: 3}
      propertyPath: EnemyBodyParts.Array.data[2]
      value: 
      objectReference: {fileID: 726914668}
    - target: {fileID: 665367566358245200, guid: ac34dc0dbefd11142aef08523a769ddf,
        type: 3}
      propertyPath: EnemyBodyParts.Array.data[3]
      value: 
      objectReference: {fileID: 1513746673}
    - target: {fileID: 665367566358245200, guid: ac34dc0dbefd11142aef08523a769ddf,
        type: 3}
      propertyPath: EnemyBodyParts.Array.data[4]
      value: 
      objectReference: {fileID: 280005096}
    - target: {fileID: 665367566358245200, guid: ac34dc0dbefd11142aef08523a769ddf,
        type: 3}
      propertyPath: SpawnPoint
      value: 
      objectReference: {fileID: 946182127}
    m_RemovedComponents: []
  m_SourcePrefab: {fileID: 100100000, guid: ac34dc0dbefd11142aef08523a769ddf, type: 3}
